2558 4546
329 239 936 330 nunununnnnae
1071 243 1119 337 p

153 453 304 538 egendum
333 449 472 516 essetis
512 447 549 514 iis
583 445 781 526 actionibus,
817 461 897 530 quae
928 447 962 514 in
996 445 1115 535 legibus

157 583 227 654 ΧΠ.
255 579 361 650 stb.
384 580 493 646 delicte
523 576 695 646 habentur·
829 585 832 595 ⁴

588 837 620 918 p.
666 845 698 900 e.

397 1091 451 1160 De
472 1095 618 1163 Crirnine
637 1091 883 1162 Perduelliunis.

200 1351 293 1419 Varis
321 1366 416 1434 sunt,
449 1351 481 1420 in
509 1327 625 1435 quibus
653 1351 791 1434 delinqui
830 1363 951 1434 potest.
1006 1349 1121 1438 Neque

161 1479 326 1566 profecto,
351 1499 420 1563 -quo
433 1481 532 1564 magis
540 1482 661 1547 exculta
676 1479 842 1549 fueritvita
857 1481 957 1548 civilis
969 1526 982 1562 ,
992 1503 993 1506 ¹
1003 1499 1042 1550 eo
1057 1501 1120 1550 ms·

158 1609 256 1694 jurem
272 1627 398 1692 quoque
412 1606 705 1675 numerum-fecum
723 1625 791 1674 esse
804 1625 928 1688 eorum,
948 1625 1026 1690 quoe
1034 1610 1118 1693 leges

158 1737 281 1820 poenali
300 1738 460 1806 sanctione
476 1737 692 1821 prohiberent,
715 1737 848 1820 aliquis,
864 1737 977 1818 credo,
995 1738 1121 1806 mirabi-

159 1881 218 1938 tur.
249 1865 299 1932 En
316 1864 460 1931 omnibus
477 1878 578 1934 eutem
596 1862 726 1942 officiis,
744 1861 860 1943 quibus
878 1861 954 1928 civis
972 1875 1115 1946 tenetur,

159 1995 279 2067 nullum
307 1994 392 2060 alud
423 1992 575 2078 megisti
600 1990 686 2060 cordi
713 2007 782 2056 esse
811 1987 902 2055 debet
934 1989 1118 2071 nullumque

158 2122 341 2191 sanctiuseb
356 2123 410 2190 illo
421 2099 734 2198 observarimeretum
753 2135 844 2202 quam
852 2117 939 2201 quod
947 2117 1068 2201 ipsius,
1085 2117 1117 2192 in

145 2270 219 2334 xque
238 2250 342 2334 degit,
361 2249 495 2316 civitatis
511 2248 702 2316 existentiam
720 2260 750 2312 et
768 2247 897 2312 salutem
906 2245 1045 2345 respicit.
1062 2249 1118 2316 ci·

160 2378 349 2447 uitatisurim
366 2376 530 2444 commoda
544 2393 612 2440 nort
626 2373 758 2456 percipit
767 2373 829 2442 nisi
845 2392 881 2440 ee
896 2374 957 2442 sub
965 2373 1118 2459 pollicito·

160 2507 273 2589 tione,
294 2507 308 2579 (
317 2506 385 2570 sive
404 2507 497 2572 tacita
513 2504 776 2589 siveexpressa),
797 2520 830 2572 et
844 2524 879 2572 se
889 2509 1014 2575 omnivi
1030 2509 1118 2576 nisus

164 2653 255 2714 sum,
277 2633 421 2708 utilleesa
436 2632 547 2697 civitas
567 2646 708 2712 manent,
735 2649 865 2701 recente
884 2636 1121 2708 nihilcom'rnis'·

162 2755 290 2845 surum,
302 2761 387 2847 quod
405 2759 522 2828 civitati
536 2760 844 2845 noxiumaecideret3
865 2765 1118 2850 aliosseolgnuor

165 2895 315 2976 existere,
340 2889 395 2971 qui
426 2899 452 2960 e·
467 2885 592 2959 civitate
610 2884 786 2970 ejiceretur,
811 2897 866 2954 eut
890 2888 930 2954 iis
946 2891 1046 2956 'rebus
1070 2891 1119 2958 in'·

167 3021 384 3102 teruceretur,
423 3033 504 3102 quse
528 3015 663 3086 civitatis
695 3035 732 3087 ec.
762 3017 918 3086 societatis
941 3013 1118 3092 dulcedines

168 3169 203 3222 uc
231 3153 334 3220 merita
360 3152 568 3221 constituunt.
610 3149 811 3236 Praecipuum
831 3151 927 3236 igitur
962 3152 1040 3221 civis
1071 3169 1126 3220 sest¹

162 3278 321 3360 officium,
339 3299 468 3363 cavere,
493 3297 538 3348 ne
558 3278 704 3348 delictum
726 3281 787 3348 tale
812 3282 1005 3361 committet,
1029 3284 1117 3364 quod

163 3405 297 3474 civitatis
332 3409 424 3478 saluti
454 3409 637 3477 'damnosum
692 3408 754 3489 sit,
800 3409 932 3491 ideoque
966 3408 1120 3490 sapienter

162 3538 267 3622 plures
302 3537 514 3620 legislatores,
546 3535 662 3604 delicto
691 3538 747 3606 illo
781 3538 970 3616 commisso,
1009 3527 1117 3622 graves

65 3709 67 3716 ·
161 3666 337 3748 imposuere
360 3683 489 3748 poenes.
524 3665 593 3733 Nec
609 3667 762 3734 immerito
783 3665 879 3749 illud,
904 3666 950 3732 uti
967 3669 1118 3751 vocetur3
1218 3705 1220 3714 t

160 3789 394 3862 Perduelliooir
416 3794 586 3876 delictum,
602 3793 682 3860 inter
698 3791 876 3874 purissima
890 3793 1022 3879 delicte,
1038 3814 1119 3880 gra·

699 3915 732 3984 H
754 3938 775 3987 2
1053 3923 1118 3993 vis·
