2452 4552
212 237 282 312 su
381 223 660 310 srsctntu
694 213 1008 360 Juntnrcnnt

213 439 470 508 commodanon
489 451 610 504 tantum
635 434 858 520 respiciantur,
875 453 986 502 verum
1011 435 1067 502 iiic
1081 432 1173 508 abar

207 581 317 654 agatur
339 566 379 634 de
405 566 484 654 jutis
503 563 623 649 publici
648 565 781 648 quadam
803 561 1022 646 insomnone,
1038 563 1081 630 ad
1100 585 1174 660 curn

210 697 306 764 finem
339 697 538 777 introducta,
575 709 611 761 ttt
640 694 774 762 sociems
806 707 889 760 atctt
917 711 955 760 ac
985 693 1173 775 conjunctio

208 825 290 894 inter
310 825 451 892 diversos
475 823 601 890 ordines
628 823 734 888 locum
757 827 919 901 necteret,
954 822 995 888 ad
1019 825 1174 904 tranqutla

211 951 327 1022 litatem
351 952 592 1035 promovendam
616 970 653 1017 ac
678 949 870 1016 firmandam.
911 949 993 1018 Eam
1028 949 1074 1018 ob
1099 964 1173 1026 cau*

178 1133 181 1136 -
204 1093 299 1164 ¹nam,
326 1080 502 1146 Decemviri
525 1079 668 1146 videntes
699 1077 760 1142 tale
782 1076 944 1141 vinculum
966 1076 1075 1160 exigi,
1103 1096 1174 1163 gna

205 1210 279 1276 tius
302 1208 580 1276 animadverterunt
610 1207 644 1274 in
666 1197 743 1286 eos,
761 1185 814 1287 qui
842 1221 953 1286 causae
983 1206 1174 1292 existerent,

206 1349 247 1404 nt
268 1336 320 1406 ilia
341 1335 597 1406 dissolverentur

590 1539 593 1561 .

617 1592 650 1672 5.
692 1591 747 1657 not

243 1832 296 1922 De
315 1839 440 1922 delictis
460 1851 633 1918 testimonii
651 1847 770 1916 deserti
789 1869 830 1914 ac
840 1827 929 1932 fulti
947 1857 1135 1928 testimonia}

247 2109 305 2178 Uti
322 2129 359 2176 ex
379 2108 632 2194 praecedentibus
655 2123 761 2192 patet,
783 2108 882 2175 adhuc
902 2111 1074 2194 agendum,
1091 2105 1166 2188 cuni

204 2237 322 2318 delia,
343 2237 399 2319 qui
413 2251 477 2304 non
492 2238 534 2302 ita
549 2235 637 2302 fidem
657 2253 788 2317 curant,
808 2252 844 2304 ut
860 2257 924 2304 nun
940 2239 1071 2306 timeant
1089 2253 1168 2324 pto-

203 2365 311 2436 missis
348 2365 415 2432 suis
447 2382 512 2431 non
531 2379 625 2432 wstare
652 2385 688 2431 ac
721 2368 934 2434 testimonium
970 2371 1167 2460 promissum

153 2481 156 2486 ¹
201 2496 391 2574 detrectare,
431 2507 498 2559 tunt
527 2493 669 2574 dehis,
708 2497 763 2578 qui
797 2496 1010 2564 testimonium
1035 2498 1165 2580 quidem

199 2627 387 2710 praestant,
407 2623 447 2689 ad
467 2623 622 2690 veritatem
644 2625 722 2691 v'ero
745 2643 811 2692 non
830 2627 991 2692 attendunt
1015 2629 1166 2711 maioque

200 2753 336 2822 consilio
365 2750 444 2820 falsa
477 2763 535 2836 pro
569 2751 648 2820 vetis
673 2754 824 2836 produnta
866 2753 917 2820 Ex
944 2755 1164 2834 sanctionibus

202 2885 241 2952 tie
255 2882 315 2950 iilis
332 2865 455 2951 delictis
476 2883 587 2950 iterum·
602 2881 797 2950 manifestum
813 2880 869 2964 fit,
887 2883 1087 2948 Decemviros
1107 2884 1166 2952 iis·

202 3012 272 3080 dem
297 3011 438 3090 delictis,
461 3029 539 3092 qnae
558 3010 641 3092 apud
672 3009 877 3078 Athenienses
902 3012 1160 3096 vindicabantur,-

175 3191 179 3206 „
203 3139 363 3224 poenatem
372 3137 520 3220 adiecisse
537 3137 736 3211 sanctionem·
776 3139 970 3210 Notissimae
983 3140 1065 3210 enim
1080 3161 1160 3216 sunt

197 3262 602 3362 apudAthenienseauuar
620 3269 867 3359 Ιλεαιιιμιερτυρἕως
887 3280 980 3354 atque
991 3269 1161 3354 unicorp-

177 3397 319 3480 rvpiat,
350 3391 464 3477 quibus
484 3393 549 3461 non
572 3393 652 3460 idem
678 3395 801 3478 quidem
825 3400 912 3465 acin
939 3400 1058 3484 legibus
1083 3385 1157 3469 ΧΠ.

199 3517 306 3592 Tabb.
332 3521 512 3608 petebatur,
537 3525 643 3589 iterum
667 3511 748 3590 idem
773 3517 973 3596 coercebatur
993 3530 1163 3602 delictumt

238 3651 375 3719 Primum
397 3659 500 3719 autem
523 3651 697 3758 videndum
717 3653 760 3722 dev
775 3653 889 3720 delicto
909 3662 1157 3744 iunrtopaoepropiae

191 3777 398 3876 (patrimonii
409 3753 593 3890 ¹¹allttc'rfi'),
612 3779 651 3849 dt
678 3795 749 3886 'quo
775 3781 813 3852 in¹
831 3781 954 3885 Tabula
986 3767 1059 3854 vlu
1081 3786 1155 3878 talia
