2558 4546
159 241 202 296 n
280 299 282 308 ,
321 217 603 292 sanctorum
637 171 947 304 mosomum

156 422 241 510 jecto
269 418 355 488 omni
379 438 450 506 erga
466 417 580 487 liberos
597 433 720 506 amore,
740 423 903 490 crudeliter
918 443 975 493 eos
989 421 1125 524 tractare

158 569 221 634 pro
235 513 334 616 nibilo
348 548 493 617 baberent
516 562 568 630 et,
592 551 652 617 etsi
668 551 813 634 quaedam
830 550 993 621 afferantur
1015 574 1124 626 exem·

159 680 236 764 pla,
248 678 304 746 illa
321 669 387 746 fere
395 693 513 762 semper
527 678 687 745 continent
706 667 867 762 quamdam
884 682 1121 753 dimicationem
1233 679 1235 683 ’

160 809 279 894 paterni
302 805 430 875 affectus
456 807 648 889 annaniae,
673 809 728 891 qui
753 809 886 891 dicitur,
918 811 1054 894 amoris,
1083 814 1121 880 in

163 935 281 1020 quibus
307 954 363 1001 cor
393 947 424 1000 et
445 932 563 1001 animus
593 936 632 1003 ad
656 933 862 1006 absolvendos
886 939 999 1007 liberos
1025 925 1119 1008 incli-

162 1077 295 1147 natent,
312 1063 467 1132 obstarent
484 1083 558 1131 vero
572 1065 700 1132 honoris
713 1084 819 1148 amor,
833 1067 898 1134 veri
912 1067 1048 1136 *Romani
1065 1071 1123 1138 de·

161 1211 221 1260 cus
241 1207 273 1260 et
304 1192 474 1260 officiorum
501 1208 662 1278 praecepta
684 1193 770 1278 (a).

209 1320 321 1390 Testes
337 1321 525 1410 sintprimus
547 1321 598 1390 ille
621 1341 777 1406 nunnus,
794 1341 948 1391 uumerus
967 1343 1128 1410 eunoun·

165 1467 257 1534 rus,
277 1469 410 1536 quorum
427 1448 549 1518 facinus
572 1451 599 1517 si
621 1450 660 1516 ab
674 1469 736 1518 una
757 1467 844 1536 parte
869 1451 1003 1535 laudari,
1025 1453 1064 1521 ab
1082 1460 1131 1525 ai·

167 1594 232 1649 tera
267 1595 369 1650 tamen
408 1577 653 1648 infelicissimum
685 1599 721 1647 ac
751 1580 931 1650 luctuosum
963 1582 1129 1669 praedicari

167 1725 312 1780 metente·

592 1836 624 1920 b·
667 1853 701 1922 4⁶

286 2097 339 2166 De
360 2093 442 2178 jure
458 2092 617 2184 puniendi
641 2095 758 2161 mariti
779 2099 822 2162 in¹
838 2096 1016 2194 vcoty'ugon·

211 2353 329 2422 Patriae
344 2352 505 2436 ¹potestati
536 2352 569 2418 in
594 2351 777 2435 quibusdam
800 2371 865 2421 non
888 2355 1127 2423 absimiliscrat

172 2481 287 2552 maritis
308 2483 341 2548 in
363 2499 474 2551 uxores
489 2500 636 2549 concessa
653 2494 802 2565 potestas.
827 2482 948 2552 Primus
967 2485 1128 2554 Romano·

171 2631 241 2681 rum
257 2629 330 2692 tex,
345 2608 442 2696 probe
457 2628 569 2694 gnarus
589 2609 707 2694 absque
723 2613 841 2696 nuptiis
861 2614 1016 2680 civitatem
1044 2633 1122 2682 con·

169 2742 280 2812 elstera
305 2757 370 2808 non
390 2758 506 2826 posse,
535 2739 660 2824 nuptias
685 2754 786 2808 autem
811 2742 948 2808 celeriter
972 2742 1125 2825 dissolvi,

84 2923 85 2928 ,
172 2871 203 2939 si
224 2871 358 2956 aequalis
382 2889 418 2938 ac
445 2870 478 2936 in
505 2869 650 2937 omnibus
678 2870 873 2954 aequiparata
899 2884 1037 2955 potestas
1061 2892 1129 2940 am·

100 2983 102 2988 ¹
170 2999 276 3068 bobus
293 3001 521 3066 concederetur
537 2999 745 3084 conjugibus,
767 3000 794 3065 si
813 3000 960 3082 quidem,
978 3002 1128 3068 domesti-

171 3126 217 3195 cis
233 3125 304 3194 rixis
322 3125 457 3208 exortis,
475 3127 525 3192 cui
535 3127 702 3192 cedendum
715 3125 1007 3213 foret,sempitema
1021 3127 1128 3198 futura

170 3270 254 3323 esset
280 3273 415 3340 pugna,
444 3254 554 3321 marito
588 3255 677 3322 talem
702 3255 735 3322 in
760 3252 887 3326 u'xorem
913 3257 1055 3326 concedit
1070 3279 1130 3342 po·
1242 3301 1244 3304 -

173 3400 336 3468 testatem,
353 3398 389 3451 ut
407 3402 487 3452 uxor
505 3383 533 3450 ei
555 3381 739 3468 obsequium
765 3385 798 3452 in
815 3385 959 3454 omnibus
976 3401 1130 3472 praestare

1076 3517 1131 3584 de-

205 3643 220 3701 (
229 3641 271 3706 a)
292 3641 417 3704 Exempla
433 3633 675 3689 animadversionum
699 3644 797 3698 patrum
814 3634 839 3686 in
856 3635 921 3689 filios
944 3649 1044 3692 exstant
1058 3641 1127 3704 apud

176 3741 279 3785 uncus.
305 3740 408 3782 uaxru.
433 3725 466 3776 L.
493 3725 528 3776 V.
554 3724 585 3774 C.
602 3721 628 3772 8.
663 3722 870 3786 Quinauunuu
892 3726 968 3790 Dect.
991 3739 1017 3788 3.
1061 3725 1123 3780 tto.

178 3826 342 3868 statuamus
364 3815 392 3864 ἐκ
417 3811 492 3863 Dite.
516 3807 549 3860 de
570 3807 670 3862 Patria
696 3815 832 3873 potestate
855 3817 907 3862 etc.
944 3813 945 3818 ’
