2558 4546
144 187 191 310 ’,ι
316 207 591 288 suncmtnu
614 213 926 302 Juumtcun

147 429 215 488 seul
235 411 372 484 facerent
396 415 479 484 illam
504 413 611 480 urbem
635 415 764 500 imperio
787 435 823 484 ac
846 419 1034 503 legislatorio
1050 437 1110 490 no-

157 545 241 615 mine
266 543 437 627 celebrem3
468 534 714 627 quandoquidem
741 547 852 612 multae
887 547 968 614 aliae
985 547 1109 616 fuerant
1179 527 1181 534 ’

156 673 298 744 civitates
313 673 470 753 minores,
498 670 642 752 equibus
663 673 746 754 leges
763 674 907 755 quasdam
924 677 1109 746 desumsisse

159 799 382 880 Decemviros,
395 797 529 883 probatu
549 815 614 865 non
638 813 686 865 est
704 799 836 870 difficile.
867 803 1036 869 Dicendum
1054 806 1113 888 igi·

157 941 211 998 tur
236 927 329 997 nobis
349 927 494 1008 videtur,
520 926 554 992 in
577 926 700 1010 legibus
718 928 900 1014 colligendis
928 933 1055 999 maxime
1073 934 1111 1000 cd

158 1057 245 1144 leges
270 1073 409 1122 souonts
427 1054 592 1122 attendisse
611 1055 834 1140 Decemviros,
852 1078 959 1126 verum
976 1075 1007 1126 et
1024 1079 1115 1143 quae·

163 1189 233 1256 dam
251 1207 269 1254 a
289 1185 447 1269 Spartanis
471 1183 677 1264 desumsisse,
698 1202 779 1267 quae
800 1201 929 1254 aetatem
953 1187 1036 1256 forte
1053 1207 1118 1256 non

162 1317 359 1395 mlerunt,a
386 1311 478 1380 nobis
508 1313 612 1396 itaque
634 1329 699 1380 non
727 1313 869 1396 dignosci
892 1330 1050 1397 possunt,
1071 1319 1122 1385 vel

163 1461 244 1526 quae
265 1459 331 1509 non
357 1441 514 1510 dissimilia
545 1441 586 1508 ab
618 1440 678 1519 iis,
707 1458 785 1522 quae
810 1442 892 1524 apud
916 1443 1123 1511 Athenienses

162 1569 332 1658 vigebunt,
360 1582 558 1640 assumuntur
579 1568 726 1653 perinde,
743 1585 780 1636 ec
797 1564 832 1636 'si
863 1571 900 1638 ab
925 1539 1121 1640 Atheniensi·

164 1698 224 1768 bus
247 1695 364 1768 fuerint
387 1698 544 1767 translate.
626 1697 630 1710 “
824 1676 827 1686 ’

589 1957 622 2036 5·
666 1971 699 2038 ⁵·

162 2206 257 2280 Num
283 2207 368 2296 leges
394 2224 534 2274 sosoma
555 2219 708 2289 tantum,
727 2220 788 2274 aut
810 2226 982 2276 muscosus
1001 2214 1123 2296 etiam.

253 2352 407 2405 zmsuca
428 2354 467 2400 ac
493 2351 704 2424 cunaonnss
740 2351 902 2404 assumtae
921 2343 1024 2426 ¹siml?

207 2591 262 2662 Ab
285 2587 529 2659 Atheniensibus
561 2590 695 2674 plurima
726 2591 903 2662 desumsere
930 2596 1125 2679 Decemviri3

166 2725 272 2812 legum
308 2737 448 2823 solonis
482 2719 514 2786 in
547 2719 667 2802 legibus
697 2721 769 2790 llll.
803 2723 908 2792 Tabb.
936 2727 1032 2792 multa
1059 2727 1129 2792 ideo

170 2823 468 2948 exstantuestigia3
495 2849 652 2932 quaeritur
672 2865 789 2933 autem,
812 2871 888 2920 oum
911 2868 942 2918 et
957 2869 1128 2926 nnncouls

167 2947 276 3066 legum
310 2981 389 3047 ratio
422 2979 571 3060 quaedam
602 2978 707 3044 habita
741 2979 808 3046 siti
846 2979 914 3044 Nec
947 2979 1004 3046 hac
1038 2980 1130 3048 inre

176 3108 386 3173 consentiunt
402 3103 466 3198 VV
481 3103 566 3184 DD,
585 3104 653 3170 aliis
682 3105 862 3206 adimendo,
892 3106 959 3172 aliis
974 3169 977 3176 ,
991 3111 1133 3194 negando

173 3230 444 3321 respondentibus,
484 3229 564 3296 Rem
596 3244 699 3298 autem
724 3231 872 3300 decidisse
902 3234 1023 3302 videtur
1048 3257 1133 3308 ouu-

100 3430 101 3433 ,
173 3379 255 3430 utus
271 3358 357 3447 (a).
380 3358 502 3427 Notum
519 3359 682 3441 enimest,·
701 3379 893 3430 onacouem
903 3364 1008 3434 omnia
1021 3367 1133 3436 delicta

175 3490 296 3596 minora
322 3506 387 3558 non
416 3505 507 3556 secus
535 3507 571 3556 ae
598 3489 712 3576 majora
747 3490 855 3561 eodem
876 3493 995 3580 modo,
1023 3513 1135 3580 nempe

1050 3641 1137 3694 mot·

209 3762 277 3836 (ι)
298 3765 381 3824 tloct.
404 3768 468 3870 dte.
493 3725 544 3824 lx.¹
571 3769 612 3828 ιθ,
653 3767 654 3770 ’
734 3781 736 3784 ·
862 3757 863 3760 “
