2452 4552
167 259 210 338 ‚a
338 247 616 322 sanctores
650 247 960 370 romuleum

166 461 254 517 extra
276 450 384 518 urbem
410 450 567 535 positum,
589 452 637 520 uti
660 471 699 520 ex
714 441 915 538 sequentibus
931 477 1007 546 nAJr
1022 461 1127 534 verbis

166 592 274 666 patet:
298 581 384 664 quod
409 597 482 648 veto
508 600 659 650 acervum
679 563 848 667 frumenti
866 587 913 654 lex
939 589 1050 656 aitad
1072 613 1126 658 ao·

166 707 221 776 des
232 711 396 799 positum,
417 709 451 776 id
462 709 727 793 ideoexpressum
746 729 814 794 ost,
836 715 943 799 quod,
960 717 989 786 si
1009 721 1121 810 messis

168 838 292 906 uberior
314 821 417 919 foret,
452 856 545 921 quam
570 857 648 922 quae
672 840 792 908 horreis
819 843 970 911 contineri
989 863 1120 931 posset,

163 968 317 1052 reliquum
348 964 454 1050 foras,
482 967 569 1054 juxta
592 941 726 1036 'domum
758 971 849 1036 molis
876 971 973 1039 instar
995 977 1121 1061 congeri
1151 1030 1155 1042 s

160 1098 297 1177 soleret;
328 1096 406 1180 legis
431 1096 596 1180 dispositio
625 1096 667 1164 ita
689 1115 753 1164 non
779 1114 860 1164 recte
882 1101 1059 1168 extenditur
1080 1105 1118 1172 ad

159 1223 309 1292 frumenti
331 1241 471 1291 acervum
498 1225 531 1292 in
554 1227 672 1310 campis
695 1227 847 1293 relictum.
870 1227 939 1312 (*)
981 1228 1032 1298 Ex
1053 1249 1121 1299 ver-

158 1350 210 1420 bis
225 1367 336 1452 autem
359 1354 519 1438 sequitur,
541 1372 709 1422 sermonem
726 1353 790 1422 fieri
805 1355 843 1421 de
858 1355 1000 1423 incendio
1015 1358 1119 1426 doloso

160 1499 201 1550 ac
215 1481 373 1568 Jbrtuito.
410 1484 462 1550 Ad
479 1483 594 1550 crimen
611 1482 744 1550 incendii
763 1483 907 1552 dolosum
923 1487 1116 1554 constituen-

159 1614 234 1680 dum
256 1611 345 1678 dolus
365 1610 470 1678 malus
491 1611 683 1678 necessarius
707 1624 793 1692 erat,
814 1626 851 1677 ut
868 1613 939 1694 quis
953 1631 1063 1697 nempe
1078 1634 1113 1686 aa
1137 1666 1141 1674 .

160 1754 263 1808 mente
296 1740 400 1826 ignem
424 1741 552 1808 aedibus
573 1741 623 1806 vel
644 1757 755 1808 acervo
780 1739 970 1822 admoverit,
993 1761 1107 1826 gnarus

33 1877 36 1882 '
155 1888 222 1939 non
246 1870 333 1938 aliter
358 1868 424 1937 fieri
450 1889 571 1954 posse,
600 1869 677 1952 quin
712 1867 795 1952 ignis
832 1871 996 1952 appositus
1011 1873 1113 1956 perni-

155 2000 263 2067 ciosus
286 1999 377 2067 rebus
406 1999 536 2067 aliorum
572 1999 748 2100 eristerets·
779 2015 865 2065 mens
905 2002 1043 2068 auctoris
1072 2002 1111 2068 ad

155 2126 331 2193 Incendium
347 2127 561 2206 excitandum,
596 2127 701 2192 adesse
717 2117 868 2194 debebat,
897 2129 978 2195 Cum
1004 2142 1112 2198 tamen

132 2219 135 2230 k
155 2252 220 2321 fere
242 2272 364 2338 semper
386 2272 477 2321 casus
494 2254 702 2322 exhominum
720 2252 833 2337 factis,
852 2265 1111 2346 quamquamnon

152 2383 314 2454 voluntate
329 2380 511 2466 productis,
531 2395 634 2448 ortum
655 2398 798 2465 sumant,
820 2383 1029 2468 imprudentes
1041 2403 1109 2454 nort

152 2511 191 2578 ab
223 2510 308 2578 omni
333 2527 434 2594 poena
457 2508 686 2593 liberabantur,
702 2545 705 2554 ·
720 2531 827 2580 verum
855 2513 960 2580 damni
983 2515 1110 2582 resarci-

149 2641 266 2708 tionem
291 2640 340 2706 lex
365 2639 611 2723 praescribebat3
644 2642 729 2725 quod
753 2642 782 2708 si
805 2637 878 2710 vero
895 2643 1038 2709 damnum
1064 2642 1108 2710 ob
1154 2731 1157 2736 Ι

149 2765 286 2854 inoptam
314 2768 463 2836 laedentis
496 2771 602 2836 sarciri
632 2787 698 2838 non
713 2811 715 2816 -
731 2785 859 2854 posset,
884 2771 990 2837 leviter
1016 2770 1108 2837 c'asti·

145 2895 281 2987 'gabatur
304 2915 396 2979 reus,
418 2917 458 2965 ne
480 2899 524 2965 'in
557 2913 667 2965 totum·
684 2900 754 2967 talis
776 2896 980 2983 imprudentia
1003 2917 1105 2984 poena

148 3040 283 3093 vacaret.
331 3025 438 3116 Poena
459 3024 565 3103 illius,
594 3024 658 3104 qui¹
674 3024 774 3090 sciens
797 3024 971 3108 prudensve
1004 3025 1109 3096 incen-

146 3152 234 3219 dium
250 3150 460 3229 commiserit,
488 3164 551 3218 erat
576 3153 671 3236 ignit.
713 3150 838 3236 Justum
857 3153 938 3218 enim
960 3154 1110 3248 videtur„

145 3281 278 3364 aliquem
301 3279 408 3346 eodem
430 3279 547 3358 modo,
569 3287 633 3362 q‘uo
657 3282 785 3349 alterurn
811 3281 972 3366 laesisset,
1002 3283 1106 3369 ipsun

144 3409 358 3483 detrimentum
383 3408 507 3476 sentire.

140 3751 141 3754 Ἴ
166 3661 238 3728 ’0)
262 3661 385 3719 Portant
401 3662 425 3718 1.
439 3673 469 3734 p.
488 3673 543 3732 ιη.
