2558 4546
215 260 269 328 'aa
398 264 675 339 sanctmnn
698 246 1004 356 Jummcum

261 459 392 546 Insuper
423 479 455 532 et
481 468 548 552 ipsa
572 467 693 537 Romae
720 468 858 538 conditio
890 455 1073 548 postulabat
1109 469 1176 521 tau·

216 590 348 682 eulentis
363 593 473 676 poenis
488 595 583 678 plecti
603 595 744 661 debuisse
770 591 916 659 nefarius.
959 584 1172 658 Severioribus

219 720 302 786 enim
325 721 436 805 poenis
445 758 462 800 ,1
479 719 551 800 ilii,
582 719 698 804 quibus
713 718 795 786 sorte
820 735 908 784 mens
930 713 1051 806 adesset
1072 711 1174 776 scelus

212 849 369 931 quoddam
386 849 619 932 committendi,
639 851 871 929 abstemuntura
893 845 920 912 si
936 842 1083 926 quidem,
1100 857 1173 904 cum

215 977 358 1046 mitiores
368 973 443 1044 sunt
452 976 638 1046 constitutae
646 997 785 1062 poenae,
798 979 830 1044 si
841 975 1008 1042 lenitudine
1021 971 1108 1055 justo
1117 968 1180 1034 mi·

213 1123 369 1173 noresese
385 1105 601 1170 commendant
619 1110 720 1188 leges,
735 1103 1013 1173 audaceshomines
1027 1121 1066 1166 eo
1077 1098 1172 1180 magis

213 1236 376 1304 incitantur
397 1234 456 1315 ad,
478 1199 560 1318 leges
573 1236 740 1318 violando,
762 1237 865 1320 magni
883 1233 974 1300 animi
994 1227 1168 1310 ac,nescin

213 1363 394 1447 cujusdam,
419 1363 544 1430 virtutis
565 1364 698 1448 speciem
729 1363 789 1431 sibi
819 1361 1063 1446 comparandam.
1120 1355 1170 1420 Ne

211 1490 317 1574 itaque
342 1490 435 1557 nimia
459 1492 501 1557 sit
524 1505 692 1574 poenarum
720 1491 849 1572 lenitas,
870 1489 1047 1574 praesertim
1069 1488 1101 1553 in
1121 1505 1170 1549 ru·

95 1683 103 1698 ,
212 1621 304 1688 dibus
320 1616 526 1684 fundamentis
543 1617 700 1702 cujusdam
723 1617 878 1699 civitatis,
902 1616 1009 1683 multis
1024 1583 1171 1698 periculis

209 1748 388 1830 expositae,
410 1763 488 1828 quae
514 1759 649 1812 recenter
673 1749 824 1830 prognata
844 1746 922 1813 nihil
944 1747 1048 1824 valet,
1077 1744 1105 1810 si
1123 1744 1170 1808 vi·

210 1895 282 1958 nes,
298 1893 378 1958 quae
392 1877 457 1960 ipsi
469 1879 604 1960 adsunt,
626 1899 695 1946 non·
713 1879 841 1946 vincano
860 1877 994 1960 quodam
1012 1873 1168 1940 strictiore

210 2006 413 2072 retineanturt
451 2005 569 2089 Igitur,
592 2025 776 2090 quamquam
790 2004 848 2092 Jus
864 1995 940 2072 iliud
955 2003 1177 2101 pautiendisli·¹

210 2131 371 2214 quomodo
405 2132 528 2213 saepius
562 2151 703 2214 asperum
734 2153 770 2199 ac
793 2133 903 2199 dutum
925 2146 1085 2216 appareat,
1116 2151 1168 2222 ca7

208 2271 356 2337 neamus,
371 2274 411 2322 ne
439 2253 549 2322 temere
576 2257 684 2338 primis
709 2257 921 2324 Romanorum
940 2259 1064 2344 regibus
1088 2259 1166 2328 vitio

207 2402 384 2469 vertamus,
402 2387 492 2468 quod
513 2393 616 2452 severe
641 2404 677 2452 ac
702 2385 829 2470 saepius
848 2389 1012 2455 crudeliter
1025 2390 1058 2454 in
1073 2395 1170 2472 quos·¹

207 2516 276 2583 dam
300 2511 585 2593 animadvertet-int,
608 2513 775 2595 potiusque
796 2512 834 2579 iis
851 2533 901 2579 ens
914 2515 1085 2586 tribuamus
1100 2520 1167 2585 lau-

122 2735 125 2742 ,
206 2645 260 2712 des
286 2643 327 2712 ob
357 2661 412 2725 ea,
443 2624 555 2727 quibus
585 2641 802 2726 tempublicam
834 2641 964 2710 debilem
989 2649 1170 2717 corrobora·

58 2761 89 2822 ·'
151 2839 153 2846 ,
209 2781 301 2854 vere,
336 2772 418 2839 intet-
452 2769 538 2856 quae'
564 2769 709 2838 severitas
738 2771 792 2838 ilia
818 2789 987 2856 poenarum
1018 2781 1168 2848 recenseri

207 2917 325 2986 potest.
368 2901 449 2968 Nam
474 2897 806 2980 sanmnsnumms,
830 2919 978 2983 censum,
997 2903 1084 2984 pacis
1100 2906 1169 2974 loa-¹

202 3049 245 3116 ge
271 3036 447 3098 maximum
473 3046 568 3118 opus,
590 3021 757 3096 maturasse
778 3029 892 3096 dicitur
916 3043 1001 3096 metu
1025 3033 1104 3118 legis
1128 3037 1168 3104 de

202 3157 338 3225 incensis
359 3159 435 3222 latae
459 3174 530 3220 cum
553 3154 745 3220 vinculorum
762 3153 1063 3241 minis-mortisquc3
1086 3179 1168 3242 quae

206 3301 308 3369 poena
323 3296 406 3350 certe
428 3295 535 3366 sspeaa
552 3297 584 3349 et
601 3285 689 3369 justo
709 3285 913 3353 truculentioa
933 3287 1076 3372 videtur,
1102 3293 1166 3360 nisi

150 3551 152 3555 .
211 3524 262 3576 qna
281 3514 388 3564 multum
415 3473 576 3578 disputatus}
595 3505 669 3568 nobis
692 3528 776 3569 tutem
799 3519 922 3570 sententia
951 3521 1036 3584 placet
1056 3441 1165 3580 εοιεῑῖιῗ

134 3621 143 3642 a
215 3601 321 3660 dmoni,
338 3598 364 3648 in
381 3602 508 3653 Thestius
533 3603 735 3664 Controversia,
751 3605 871 3667 aequitati
894 3607 1002 3660 maxime
1018 3610 1087 3664 iliam
1102 3626 1162 3680 ιιι,

210 3683 364 3736 maaian
381 3697 413 3738 ac
435 3683 597 3739 meinana·
620 3698 676 3750 eam
696 3699 747 3742 nnc
770 3701 843 3753 poste
863 3691 993 3746 cutmen«
