2558 4546
413 221 984 304 tnn'nonr‘etttki
1096 239 1140 316 ς,

172 437 237 518 .1ο’,
262 435 343 503 inter
365 431 436 500 XII.
467 429 572 499 Tebb.
600 430 683 514 leges
714 429 848 500 adscitae
873 440 967 509 sunt,
997 427 1074 497 odeo
1098 445 1158 500 ut-

186 581 356 633 onnrnreus
381 563 486 644 dicat,
501 560 562 644 jus
579 555 716 648 potrum
747 557 885 625 moribus
903 557 1008 642 foisse
1030 559 1135 626 intro·

182 693 336 771 ductum,
368 690 391 756 i.
425 707 454 755 e.
486 689 553 774 lege
586 687 668 772 regia
697 705 753 771 per
787 687 999 754 Romanorum
1031 699 1137 756 moresw

183 819 373 888 confirmata.
412 819 456 886 Et
478 837 553 888 sane
576 818 771 899 discrimine,
801 837 880 900 quae
902 816 959 888 hac
982 818 1070 888 inre
1087 820 1137 888 in·

184 959 231 1014 ter
251 944 310 1029 Jus
332 941 487 1010 Graecum
506 964 542 1010 ac
564 941 740 1010 Romanurn
763 957 905 1026 exstant,
939 943 1139 1016 manifestum

183 1074 500 1156 reddunt,legesilias
516 1072 741 1140 eGraerisnon
754 1070 852 1138 fuisse
867 1073 1034 1158 deductas3
1050 1077 1134 1162 apud

183 1203 388 1270 Athenienses
404 1201 484 1266 eninr
494 1197 677 1265 arctioribus
695 1181 843 1266 limitibus
862 1171 999 1269 restricta
1012 1219 1140 1288 eratpe-

186 1331 244 1397 trie
259 1344 410 1412 potestas.
447 1327 500 1393 Sic
517 1328 607 1392 ctiam
625 1327 757 1393 testandi
772 1325 924 1410 facultas,
941 1333 1023 1414 apud
1038 1333 1138 1401 Athe·

184 1435 328 1538 nienses,
345 1457 479 1523 vinculis
497 1454 626 1521 maxime
644 1470 708 1520 erat
724 1458 909 1539 constricta;
925 1463 1008 1543 apud
1022 1441 1139 1533 Rome·

184 1607 243 1654 nos
251 1606 325 1652 vcro
334 1585 491 1652 testatoris
507 1585 570 1650 vox
585 1583 662 1668 legis
669 1586 778 1654 instar
793 1584 1026 1655 observabatur.
1049 1589 1138 1678 Quae

183 1716 212 1782 si
236 1734 306 1780 vera
327 1713 415 1792 sint,
443 1730 480 1777 ex
510 1711 559 1778 his
593 1712 737 1778 concludi
768 1713 858 1795 licet,
883 1714 1081 1786 Decemviros
1103 1720 1139 1791 in

186 1843 307 1926 iegibus
331 1841 396 1908 suis
422 1839 601 1924 colligendis
633 1841 736 1922 legum
763 1813 911 1922 regiarum
933 1848 1062 1915 omnino
1090 1867 1139 1916 ra·

181 1974 298 2038 tionem
322 1969 486 2050 habuisse,
509 1984 661 2054 atqueex
679 1967 718 2033 iis
742 1969 838 2034 multe
864 1969 904 2036 ad
930 1991 1002 2040 suas
1018 1976 1134 2045 consti.-

179 2100 311 2170 ¹tuendas
337 2100 419 2182 leges
447 2097 635 2164 desumsisse
665 2095 683 2180 (
715 2095 746 2181 ).

163 2293 168 2310 ·
217 2269 282 2331 (⁶)
305 2271 384 2335 Jubet
408 2265 487 2319 officii
506 2265 593 2328 ratio,
618 2275 648 2314 ut
667 2261 773 2326 ingenue
799 2267 919 2328 profitear
966 2283 1007 2320 me
1039 2269 1064 2323 in
1088 2286 1130 2324 re·

187 2357 316 2409 censendis
331 2353 398 2408 iltis.
422 2365 485 2412 quae
510 2351 542 2399 ed
566 2349 628 2398 xil.
654 2347 767 2398 Tabulas
784 2350 926 2416 pertinent,
951 2355 1055 2406 multam
1078 2357 1129 2407 uti.

185 2440 282 2492 litatem
307 2437 401 2497 cepisse
435 2450 469 2486 ex
501 2433 566 2490 libro
597 2434 698 2497 egregio
729 2432 785 2485 Viri
815 2435 961 2492 noc-tissimi
990 2452 1129 2496 escuem

137 2563 139 2569 .
170 2523 382 2582 ·Gommenenire
407 2535 456 2570 sur
479 2523 507 2574 la
530 2521 566 2574 eoi
589 2521 745 2593 desudasse
770 2517 889 2582 Tabite.¹
1027 2517 1028 2524 ’
