2452 4552
267 259 274 296 s
331 243 831 362 ,runtiouunna
986 257 1065 372 ur

138 441 219 519 'Fieri
236 465 414 536 potestur,
444 454 472 522 si
488 473 544 539 per
560 451 784 538 aliquantulum
799 447 949 538 temporis
959 467 1064 525 mem*
1099 463 1105 472 “

97 579 188 646 brun
213 597 338 665 ruptum
356 595 392 648 ac
408 585 522 650 laesum
542 584 614 664 sit,
632 583 778 666 deinceps
794 593 917 650 ametur
931 565 952 666 3¹
968 603 1060 667 quae·

94 711 190 790 nitur,
229 722 333 778 utrum
365 727 465 794 poena
488 712 611 779 talionis
638 711 770 778 laedenti
792 724 868 780 tunc
894 712 986 784 etiam
1011 713 1061 782 in·

92 837 258 921 (ligaturi,
288 857 363 906 num
411 854 442 906 et
478 854 580 922 tunc,
613 871 615 878 ι
623 840 752 924 perinde
803 855 839 909 ac
883 840 1056 910 insanabile

92 981 173 1032 esset
206 969 341 1048 vulnus,
381 968 528 1051 puniatur
563 967 749 1053 percussor?
794 967 870 1036 Non
910 970 1058 1054 videtui,

89 1087 227 1181 justitiae
261 1105 296 1162 ae
330 1097 454 1164 talionis
485 1097 584 1180 ipsius
618 1087 698 1168 ratio
723 1069 842 1182 exigit,
876 1110 913 1165 ut
945 1093 1057 1169 cuncta

80 1195 270 1307 percussori
303 1225 411 1290 eodem
442 1227 533 1308 plane
565 1226 661 1293 modo
687 1227 910 1311 rependantu13
949 1229 977 1296 si
1000 1229 1059 1298 ita·

95 1365 158 1434 que
188 1351 256 1418 talis
283 1353 439 1436 infligatur
468 1353 575 1437 plaga,
614 1371 692 1437 quae
721 1352 813 1422 facile
844 1358 964 1424 restitui
986 1372 1057 1444 po*

18 1493 22 1504 ·
93 1493 172 1561 test,
198 1483 276 1564 quid
300 1483 467 1566 injustius,
497 1499 590 1565 quam
616 1495 651 1549 ut
682 1484 859 1567 percutiens
887 1485 948 1552 tale
961 1487 1059 1569 patia-

80 1623 144 1676 tur
166 1612 301 1688 vulnus,
333 1614 421 1694 cujus
447 1626 577 1679 eventus
604 1613 718 1681 dubius
741 1628 778 1682 ac
800 1615 937 1682 incertus
964 1614 1057 1682 morti

92 1739 216 1822 sepius
241 1752 364 1806 eausam
389 1739 467 1807 dat?
508 1739 542 1806 si
560 1741 671 1823 ‘itaque
696 1745 812 1810 vulnus
836 1745 887 1810 vel
911 1745 975 1829 jam
998 1759 1058 1813 es·

91 1882 140 1935 set
183 1882 347 1948 sanatum,
396 1870 446 1935 vel
492 1869 578 1954 signa
626 1867 824 1937 manifestum
882 1871 1056 1955 redderit,

85 1995 184 2062 facile
216 1996 314 2063 curari
349 1997 381 2064 ld
419 2013 547 2080 posse,
591 1997 715 2065 talionis
757 2014 858 2096 poena
898 2011 964 2067 non
1000 2000 1055 2068 ad·
1101 1989 1105 2001 ’

88 2125 294 2208 rnittebatura
338 2141 444 2194 verum
486 2127 594 2212 potius
630 2127 746 2227 mulcta
788 2145 827 2194 ex
858 2107 915 2196 alia
947 2128 1052 2211 legum

88 2255 156 2324 XII.
178 2256 280 2324 Taum
307 2259 512 2342 dispositione
537 2257 723 2324 comminata
745 2253 819 2323 fuit.
871 2254 1076 2352 Membrumv

86 2386 371 2468 itaquedisruptum
382 2386 584 2466 essedebuit,
597 2401 631 2452 ut
646 2403 711 2454 non
728 2385 912 2454 insuetam
933 2397 1051 2456 statum

81 2512 147 2581 nisi
172 2530 317 2593 perquam
344 2513 487 2593 difficile,
522 2513 640 2578 restitui
665 2527 785 2596 posset.

130 2639 267 2704 Dubium
294 2611 358 2717 eit,
375 2639 444 2720 quis
472 2641 615 2706 adversus
634 2642 749 2708 vulnus
773 2639 954 2710 inferentem
976 2655 1047 2728 age-

86 2785 119 2836 te
151 2769 190 2835 ad
223 2767 368 2833 talionem
396 2757 643 2849 consequendam
665 2770 797 2851 posset?
835 2771 938 2836 Laeso
961 2785 1048 2838 cor·

83 2897 209 2982 petebat
255 2897 305 2962 illa
339 2893 493 2976 facultas,¹
532 2911 639 2960 verum
688 2896 736 2962 uti
771 2895 831 2977 lit,
875 2898 959 2964 laeso
1002 2895 1043 2964 ad

84 3027 146 3092 hoe
170 3043 233 3092 uon
256 3025 392 3104 idoneo,
417 3025 465 3092 vel
497 3041 552 3108 per
574 3024 715 3108 corporis
740 3024 791 3092 vel
822 3025 934 3091 mentis
959 3025 1045 3093 debl-

81 3155 199 3225 litatem
223 3169 258 3218 ac
286 3119 516 3229 infirmitatem,
553 3149 629 3214 nram
648 3151 832 3233 possetis,
864 3153 919 3234 qui
940 3151 1046 3236 proxi·

85 3296 156 3344 mus
186 3280 270 3345 laeso
299 3294 399 3359 esset,
436 3276 614 3345 facultatem
645 3295 713 3348 eam
746 3281 925 3363 consequi?
966 3281 1045 3346 Sem

84 3405 180 3472 tentia
214 3425 359 3472 cnrorus
394 3427 411 3472 a
449 3424 630 3489 nnrscrnuo
663 3408 758 3476 citata
780 3413 794 3476 (
805 3408 873 3492 *)ι
910 3410 940 3492 sl
969 3408 1044 3494 qair-

83 3534 258 3606 mambrum
285 3539 374 3625 rupit
402 3547 464 3602 aut
500 3555 533 3602 os
556 3535 690 3623 fregit,
726 3533 847 3604 talione
872 3536 1047 3626 proximus

268 3648 272 3656 .
598 3657 604 3660 ,
927 3729 930 3734 .
983 3678 1046 3754 ag·

118 3805 432 3886 (clanculantur.
494 3790 499 3798 ’

587 3912 621 3998 Ῑι
