2558 4546
154 261 176 331 1
322 249 603 328 sesemen
641 251 951 342 JURIDICUM

157 455 251 528 bellis
267 458 306 526 ed
326 457 406 528 bella
430 473 551 540 semper
574 456 740 524 convolare
762 453 921 538 debebat,¹
936 456 979 524 ita
998 469 1037 524 ut
1051 461 1137 530 rer'o

155 606 219 675 pax
239 605 311 656 vera
329 599 524 670 superesset,
553 602 647 668 quam
667 584 808 652 studiose
830 561 1023 670 disciplinam
1042 587 1130 656 mitis
1160 580 1163 584 ’

158 731 255 786 terem
273 716 472 806 ordinemque
496 713 598 798 primo
613 728 751 798 tempore
773 714 985 784 introductum
1000 737 1129 788 servare

160 847 290 927 debuit,
306 862 346 913 ne
352 846 438 913 cives
444 843 654 928 abriperentur
663 843 794 911 consitio
803 828 931 926 petriam
943 815 1124 929 relinquen-=

161 975 196 1042 di
207 993 243 1042 tc
256 969 383 1059 populis
401 971 467 1040 eliis
484 989 552 1039 sese
569 968 790 1054 submittendi3
811 971 919 1038 exinde
936 977 1125 1060 repetenda,

161 1103 242 1186 quia
258 1099 393 1167 Rotnani
416 1099 495 1168 illud
516 1100 667 1184 prodesse
684 1099 818 1167 civitatis
838 1100 932 1167 saluti
948 1103 1127 1187 putabant,

134 1249 135 1256 ¹
160 1229 328 1298 reverentia
343 1224 445 1311 Jurr't
460 1229 594 1309 stricti,
614 1231 735 1314 rigoris
752 1225 878 1312 Juris;
897 1247 997 1313 quae,
1014 1246 1052 1298 ut
1067 1254 1128 1317 per

138 1397 141 1400 ·
163 1359 298 1427 multum
313 1357 462 1442 temporis
469 1357 604 1440 spatium
611 1357 748 1440 vigerent
762 1358 1039 1442 auctoritatemque
1053 1363 1130 1428 reti-

162 1500 270 1558 nerent
278 1486 452 1569 pristinaac
461 1486 590 1568 antiqua
608 1483 895 1565 instituta,efficere
906 1485 1026 1554 debuit.
1049 1488 1128 1556 Hoc

159 1617 211 1704 jus
219 1580 361 1684 strictum
375 1627 477 1681 autem
485 1613 686 1698 Imperatores
696 1614 821 1700 saepius
829 1615 1030 1684 immutarunt
1043 1617 1132 1703 (a).
1159 1613 1161 1618 '

590 1874 623 1955 s·
669 1891 737 1984 sy

214 2125 268 2200 De
281 2127 364 2211 jure
382 2125 543 2216 puniendi
555 2124 680 2194 liberos
705 2149 746 2198 ex
767 2132 886 2220 patrt'a
903 2137 1078 2221 potestate.

170 2437 172 2442 .
209 2384 374 2466 Potestas,
400 2401 491 2467 quarn
507 2397 609 2468 patres
626 2384 659 2452 in
682 2384 829 2454 fumidam
848 2405 935 2456 suem
952 2389 1131 2476 hebebant,

165 2517 299 2602 juraque
316 2511 470 2596 wpatribus
500 2529 649 2580 concessa
685 2528 788 2580 ortum
820 2517 974 2585 drumunt
1006 2539 1044 2586 ex
1075 2523 1134 2590 illo

168 2641 364 2711 Panisrcheli
397 2640 546 2726 regimine
574 2661 610 2708 ac
643 2643 692 2723 ei,
724 2643 779 2726 qui
803 2644 853 2712 his
884 2645 917 2712 in
942 2649 1051 2716 litteris
1067 2670 1135 2720 non

171 2774 263 2858 plane
285 2783 334 2838 est
356 2771 494 2853 hospes,
512 2771 623 2855 ignota
646 2789 712 2839 non
738 2791 807 2840 esse
821 2791 968 2856 possunt.
1010 2779 1058 2846 Ea
1079 2800 1136 2847 au·

170 2915 234 2968 tern
254 2891 346 2969 ‘tanta
370 2914 444 2966 sunt
469 2913 505 2966 ut
531 2898 641 2967 metito
661 2900 854 2984 justinianus
880 2905 957 2972 illud
973 2905 1033 2987 jus
1054 2925 1136 2996 pro-

168 3033 282 3118 prium
304 3011 522 3094 Romanorum
546 3031 664 3096 civium
689 3045 780 3096 vocet
801 3046 952 3116 negetque
974 3036 1056 3102 alios
1073 3059 1137 3104 erse

170 3157 308 3228 homines
330 3157 387 3240 qui
411 3155 509 3220 talene
532 3158 568 3220 t'n
593 3155 707 3223 liberos
730 3159 870 3226 habeant
887 3143 1091 3250 potestatem.

101 3351 108 3368 ,
221 3282 409 3365 Siorigr'nem
417 3282 510 3368 hujus
516 3283 595 3367 juris
618 3302 820 3369 quaeramus,
841 3291 960 3372 primus
977 3292 1138 3365 Romano·

178 3434 245 3484 tum
257 3430 311 3482 rex
325 3411 393 3498 (h)
408 3409 485 3480 illud
497 3411 560 3498 jam
579 3414 766 3498 constituit,
785 3433 860 3501 post
875 3438 945 3486 eum
954 3421 1004 3488 alii
1023 3423 1138 3491 confir·

1074 3573 1140 3621 ma·

190 3667 284 3734 M)
314 3669 365 3722 Pr.
391 3666 477 3719 Titui.
499 3639 571 3722 luet,
589 3629 626 3722 sd
658 3672 755 3723 sctum
782 3673 899 3738 Tettyii.
929 3674 994 3730 vid.
1017 3689 1135 3732 wesen

82 3797 84 3802 .
187 3758 216 3812 ts
239 3755 306 3806 libro
329 3753 413 3802 citato
436 3761 464 3816 p.
487 3765 545 3814 455.

217 3831 282 3906 (b)
298 3837 414 3892 Dronrs.
429 3847 539 3888 rrsuurc.
558 3839 578 3890 1.
595 3851 622 3890 n.
655 3841 915 3898 dsnsusaDitrm.
932 3847 970 3896 ds
981 3847 1104 3903 nomeu.
