2452 4552
133 247 200 330 ‘aso
306 221 912 336 ssscrmnmrmrcom

133 455 205 522 dam
229 451 323 538 arripi
352 443 547 537 abaliquo,
575 451 619 520 ita
645 463 682 518 nt
714 463 814 517 metus
848 449 959 518 exinde
987 447 1102 517 alite·

133 597 202 666 tet3
241 583 400 668 deinceps
446 580 641 666 probationis
687 578 791 646 vicem
833 580 885 648 illa
926 577 1100 659 tenebant,

120 711 300 782 dominum
325 729 390 779 non
429 710 551 778 insidiis
591 707 686 775 alium
727 707 915 786 trucidasse,
964 723 1102 788 vuum,

134 841 317 908 necessitate
346 837 523 905 imminente
552 856 588 905 ac
625 834 839 903 deficientibus
878 835 947 901 aliis
982 837 1101 902 tutelae

135 969 268 1050 mediis3
289 967 412 1034 tandem
446 965 513 1032 fieri
547 977 676 1049 posset,
703 947 851 1047 quosdam
891 979 947 1046 per
980 964 1099 1029 clamn-

128 1111 200 1162 -rem
230 1095 379 1161 excitatos
414 1093 528 1160 auxilio
562 1093 741 1173 advolasse,
781 1089 944 1172 furemque
978 1091 1101 1172 absque

135 1223 229 1290 caede
251 1191 426 1306 propulsari
449 1239 485 1289 ac
509 1219 635 1308 fugari,
657 1221 743 1303 quod
758 1218 908 1286 sancitum
922 1215 986 1284 fuit
1003 1229 1105 1302 prop·

125 1363 191 1418 -ter
209 1351 393 1435 singularem
412 1371 513 1418 curam
526 1339 551 1431 ,¹
567 1369 660 1434 quam
678 1369 737 1434 pro
753 1349 868 1416 civium
894 1347 958 1414 uita
978 1345 1104 1416 fovisse

135 1480 361 1561 Decemviros,
378 1482 467 1564 plura
484 1499 558 1564 prae
577 1481 612 1546 'se
631 1475 748 1548 ferunt·
794 1485 796 1490 ’
1034 1485 1036 1490 ’

179 1609 313 1690 Restat,
334 1620 371 1673 ut
393 1609 541 1690 quaedam
569 1608 607 1674 de
632 1605 725 1673 furtis
750 1621 810 1674 nec
832 1603 1003 1675 manifestis
1031 1617 1102 1676 mo·

138 1753 279 1810 neamus.
337 1737 387 1804 De
422 1735 466 1804 iis
496 1717 587 1804 talem
623 1737 670 1804 ln
687 1735 808 1820 legibus
836 1733 905 1806 ΧΠ.
926 1737 1100 1820 reperimus

128 1861 327 1936 *sanctionem
350 1911 377 1948 „
399 1845 428 1932 ιι·
439 1864 559 1934 adorat
571 1837 693 1950 furto,
718 1861 804 1953 quod
820 1869 875 1930 nec
890 1863 1098 1952 manufestum

135 1999 236 2078 escit,
258 1989 351 2082 dupli
379 1993 505 2061 luit0.”
549 1967 599 2061 De
631 2007 711 2062 voce
741 1977 862 2061 odorat
889 1993 947 2061 hac
973 1995 1005 2061 ln
1031 1997 1100 2080 lege
1129 2071 1131 2078 ¹

135 2121 231 2190 obvia
254 2123 441 2204 multiplices
460 2097 689 2189 emendationes
704 2141 739 2188 ac
759 2109 966 2190 correctiones
978 2139 1100 2192 ‘memo-

133 2267 201 2319 rare
218 2249 391 2354 liceret(*
398 2249 439 2333 ),
468 2269 578 2315 verum
600 2251 764 2316 lectionem
787 2252 976 2332 retinentes,
1002 2254 1103 2337 expli-

134 2378 292 2448 cationem
331 2378 398 2462 ejus
441 2396 480 2442 ex
530 2355 644 2486 sustu
676 2379 885 2462 deprominus.
929 2379 985 2447 Ille
1015 2381 1101 2448 enim

136 2523 248 2576 vocem
267 2504 407 2572 adorare
432 2501 584 2589 explicat,
599 2505 691 2594 apud
704 2511 854 2595 aratiqrms
874 2528 995 2596 agere,
1017 2512 1105 2579 unde

141 2649 177 2703 ιι
203 2633 306 2722 legata·
332 2646 477 2700 oratores
506 2634 688 2718 dicuntur,
717 2633 822 2726 quod,
850 2637 1029 2706 mandante
1041 2653 1105 2729 po·

136 2764 243 2874 pulo,
262 2775 381 2850 agunt
424 2761 600 2832 Adhibetur
622 2765 713 2832 etiam
734 2765 813 2832 illud
835 2766 999 2834 verbum
989 2787 1021 2836 m
1043 2769 1104 2838 alia

138 2867 246 2960 Tabb.
267 2871 398 2977 lege,
371 2911 401 2998 st
410 2907 475 2982 pro
484 2891 570 2974 sure
585 2877 739 2988 damnum
752 2893 890 2962 decisum
903 2899 979 2962 escit
989 2895 1102 2982 ,furti

138 3035 196 3086 nec
217 3019 375 3088 adorato.
462 3069 464 3072 -
1074 3037 1075 3040 ’

179 3145 251 3214 Hae
287 3163 368 3212 uoce
390 3147 562 3229 expicata,
590 3161 717 3233 apparet
741 3151 920 3248 nullamque
950 3151 1003 3220 hic
1025 3169 1105 3239 poe·

83 3261 85 3276 ⁰
144 3291 216 3346 nam
234 3245 334 3343 fuisse
349 3275 574 3357 constitutam,
592 3293 684 3361 quam
708 3296 795 3362 eam,
817 3294 854 3347 ut
874 3295 951 3349 reus
972 3282 1108 3368 dnplnn
1178 3287 1179 3292 ’

135 3393 254 3474 taloais‘
281 3403 334 3474 sti
360 3403 492 3474 domino
529 3404 648 3476 reddat
689 3405 782 3478 lianc
806 3409 906 3496 legem
929 3409 1107 3484 deaurarent

95 3847 97 3852 .
178 3795 247 3868 0)
268 3798 412 3861 numan.
429 3802 462 3860 la
482 3801 599 3869 ennena·
1083 3685 1108 3756 J
