2558 4546
316 240 900 318 rusucurium
1055 249 1104 319 aa

153 447 211 514 lem
239 445 341 528 legere
377 446 517 526 malunt,
551 449 634 518 non,
656 447 774 530 absque
809 458 914 513 cau-sa.
972 446 1110 517 Scilicet
1194 401 1201 420 '

133 573 257 661 'priscis
275 572 488 653 temporibus,
517 571 576 639 ubi
588 541 877 655 apolinarianos,
894 590 931 640 ex
952 574 1096 660 reipubli·
1192 545 1193 548 Ἴ

144 725 197 774 cae
214 718 320 783 statu,
332 680 444 766 valeret
465 699 594 784 opinio,
612 717 761 780 omnem,
782 701 836 782 qui
847 701 1031 784 peregrinus
1048 705 1101 768 esd

149 847 218 914 set,
247 830 355 897 hostili
378 829 482 896 animo
508 847 578 912 erga
600 830 819 913 rempublicam
852 830 1026 913 praeditum
1051 825 1115 898 ess

151 981 207 1044 se,
244 958 423 1044 peregrinus
448 959 542 1024 iustis
577 957 762 1042 dicebamr;
801 959 889 1044 cuim
925 958 970 1024 rei
1004 975 1104 1024 exem·

152 1091 240 1174 plum
281 1087 366 1169 ipsae
410 1082 511 1169 Leges
551 1079 623 1150 ΧΗ.
662 1085 764 1154 Tabb.
799 1086 980 1170 praebente
1011 1087 1103 1153 nimi·

152 1237 221 1296 rum
248 1233 319 1283 cum
343 1212 486 1292 sanciunt
505 1213 761 1288 contrabescam
791 1217 815 1283 i.
835 1213 865 1282 e.
884 1217 1101 1299 peregrinum,
1156 1241 1158 1246 ·

96 1357 97 1360 ’
152 1364 218 1414 non
235 1344 331 1411 civem
348 1340 548 1420 Romanum,
567 1353 755 1431 perpetuam
777 1363 840 1408 essa
863 1348 1107 1429 auctoritatam,

152 1473 177 1541 i.
196 1492 229 1541 e.
252 1470 513 1558 peregrinumres
535 1467 692 1536 Romanas
720 1488 887 1554 usucapere
912 1489 982 1538 non·
999 1491 1107 1556 posse.

197 1600 495 1687 Nequeauctoritas
512 1617 685 1666 irancuum
701 1598 753 1667 hic
768 1601 897 1666 multum
913 1603 1013 1683 valetq
1035 1615 1113 1670 tem·

158 1693 234 1813 por'e
245 1731 346 1810 urina,
362 1747 426 1810 quo
444 1725 542 1808 viru’t,
558 1728 654 1792 hortis
669 1727 748 1794 idem
766 1727 947 1811 dicebatur,
966 1731 1023 1814 qui
1036 1725 1114 1799 tem·

158 1875 235 1940 pore
251 1855 326 1934 Xll.v
345 1853 449 1922 Tabb.
461 1853 660 1942 perduellis;
688 1856 839 1924 isautenr
859 1872 921 1923 erat
936 1858 1024 1938 talis,
1035 1871 1116 1941 quo·

161 2003 237 2052 cum
265 1982 405 2050 duellum
431 1982 454 2048 i.
478 2003 507 2048 e.
540 1983 657 2049 bellum
690 1983 851 2051 existebat.
901 1985 1115 2054 Mnucmuus

150 2114 357 2182 wautem‘usus
376 2128 422 2179 est
443 2113 568 2194 verbis,
584 2133 662 2196 quae
677 2133 733 2180 sua
749 2128 848 2184 aetate
867 2111 1114 2197 mutuabantur,

130 2315 132 2320 ¹
161 2258 218 2308 nec
239 2238 445 2325 fragmentum
467 2243 536 2309 llll.
567 2243 671 2310 Tabb.
699 2243 738 2310 ad
773 2243 904 2310 litteram
939 2244 1116 2327 descripsit.
1209 2293 1211 2296 -

159 2399 162 2416 ι
204 2369 265 2440 llis
287 2369 401 2453 igitur,
432 2371 477 2436 uti
501 2370 644 2449 videtur,
676 2370 932 2450 satisfflenodatis,
964 2370 1120 2465 inquiren·

162 2497 261 2576 dum,
280 2515 426 2578 quaenam
458 2497 516 2562 sub
533 2497 571 2561 iis
594 2495 696 2561 verbis
720 2497 873 2579 complexi
907 2495 1024 2563 fucabat
1057 2499 1121 2564 De·

164 2622 312 2701 cemviri‚
339 2621 645 2704 etquidexigatur,
672 2635 707 2687 ut
732 2621 815 2688 illius
832 2622 936 2690 delicti
960 2626 1032 2709 quis
1049 2645 1120 2693 reus

166 2749 229 2818 dici
253 2762 415 2814 mereatur.

211 2883 350 2964 Apparet
383 2851 505 2962 quidem
531 2874 659 2956 statim,
685 2873 717 2940 in
749 2875 800 2943 illa
827 2879 896 2962 lege
919 2882 968 2965 agi
998 2883 1036 2956 de
1056 2902 1118 2967 eo,

169 3010 237 3093 qui,
245 3007 478 3093 insequentibus
495 3003 687 3088 temporibus
697 3051 709 3086 ,
710 3004 941 3094 perduellionis
950 3033 1019 3082 reus
1036 3033 1120 3100 erar,

169 3157 233 3204 non
254 3157 329 3205 vero
354 3137 393 3202 de
418 3136 546 3202 crimine
567 3133 746 3218 meas'cstatis
764 3136 804 3203 ‘in
828 3141 930 3222 specie
953 3143 999 3211 sic
1024 3145 1121 3230 dicti,

166 3285 245 3358 ⁹cum
271 3265 416 3346 delictum
442 3263 598 3354 quoddam
623 3264 656 3330 in
677 3283 830 3332 summum
853 3269 1053 3352 imperantem
1070 3268 1121 3341 uel
1236 3331 1238 3334 .

173 3390 380 3475 magistratum
394 3407 542 3475 patratur.
565 3390 805 3477 Quodammodo
821 3394 883 3477 jam
899 3414 935 3460 ea
944 3416 1122 3470 curaverant
1178 3365 1182 3374 Δ

173 3511 307 3588 Rotnani
330 3517 450 3608 legibus
477 3519 544 3608 illis
563 3517 716 3599 Sacratis,
743 3519 855 3601 quibus
879 3525 1007 3608 sacrum
1041 3527 1124 3596 dice.

176 3651 268 3718 batur
288 3664 382 3731 caput
405 3650 509 3730 illius,
537 3646 591 3731 qui
615 3650 680 3716 vim
710 3647 821 3717 inferre
843 3649 987 3722 Tribuno
1018 3656 1122 3746 Plebis
1181 3689 1186 3698 ·

181 3771 247 3850 non
267 3779 445 3864 timuisset,
471 3779 559 3877 quod
581 3781 644 3868 jam
668 3780 715 3848 de*
729 3779 797 3848 aliis
825 3784 1053 3884 magisuatibus
1078 3763 1126 3858 in·

709 3909 787 3996 H3
858 3921 889 3962 ’κ
1066 3932 1130 3988 tro.
