2558 4546
310 231 323 296 ³
382 281 893 370 isaaemaraa
1089 317 1126 385 19

141 487 190 592 in
212 441 323 577 ffrimis
352 486 510 558 Historiae
532 491 690 559 Romanae
713 492 834 576 paginis
859 493 989 576 legimus
1016 513 1120 578 quem·

147 617 225 688 ‘dam
256 611 401 688 afflictum
428 615 528 686 fuisse
554 621 608 686 tali
639 621 818 704 supplicio,
848 624 935 704 quod
958 624 1040 691 omni
1063 625 1120 692 hu·

148 749 289 817 'marritati
317 749 503 815 contrarium
528 745 589 815 dici
615 763 731 832 potest.
774 749 908 832 Loquor
932 751 970 816 de
996 755 1115 836 suppli·

157 880 226 961 cio,
249 896 315 962 quo
330 859 460 962 punitas
476 890 525 944 est
540 889 698 944 marmus
716 887 930 962 rueramus,
948 881 1023 964 qui,
1045 891 1114 950 nat·

148 1022 237 1077 'rante
252 1075 254 1082 ⁴
269 1025 386 1088 armo,
423 1005 542 1106 duabus
573 1006 706 1073 admotis
737 1007 916 1093 quadrigis,
953 1011 985 1076 in
1007 1029 1116 1080 currus

153 1141 324 1220 distentus,
345 1135 547 1240 infiditersum
563 1135 726 1203 concitatis
742 1137 853 1220 equis,
869 1140 1007 1206 laceratis
1022 1159 1116 1207 mem-

155 1271 219 1337 bris
244 1265 379 1335 vinculis
399 1233 650 1346 inhaerentibus,
670 1266 764 1331 vitam
787 1263 903 1334 infelici
930 1281 966 1334 ac
988 1279 1115 1338 cruento

156 1399 250 1466 modo
264 1394 397 1476 *finivit3
416 1392 532 1477 quibus
555 1394 723 1476 enarratis,
752 1413 868 1461 rivius
893 1397 998 1480 adjicit
1023 1403 1112 1480 (alr

137 1597 138 1600 ,
147 1531 292 1618 prienam
331 1521 545 1607 ultimumque
574 1519 662 1587 illud
681 1521 869 1610 supplicium
887 1523 979 1611 apud
995 1525 1115 1595 Roma-

150 1679 207 1726 nas
241 1655 378 1744 exempli
409 1669 533 1742 param
576 1655 721 1719 memoris
756 1635 860 1740 legum
892 1656 1111 1727 humanatam
1215 1693 1222 1704 υ

145 1789 244 1876 fuit;
274 1792 310 1854 in
332 1785 409 1853 aliis
429 1785 574 1872 gloriari
601 1784 674 1850 licet
700 1784 784 1850 nulli
804 1788 950 1870 gentiam
974 1792 1116 1857 mitiores
1208 1853 1212 1864 ,

147 1896 311 2011 placuisse
333 1933 470 2004 pomas;
496 1913 586 1999 cujus
615 1913 781 1979 sententiae
807 1912 963 1978 veritatem
989 1933 1052 1981 non
1079 1920 1116 1985 li·-

153 2050 263 2118 benter
286 2044 430 2112 tuendam
456 2045 695 2128 susciperemus.
748 2043 872 2110 indoles
895 2045 977 2112 enim
1000 2045 1118 2117 Roma·

152 2193 212 2265 mae
231 2173 331 2260 gentis
347 2191 412 2240 non
428 2171 507 2240 illud
530 2171 671 2256 sinebat3
696 2151 771 2256 gens
792 2141 958 2255 mimirum,
974 2193 1011 2241 ex
1030 2179 1118 2245 omni

154 2321 266 2390 genere
288 2301 449 2370 hominum
481 2299 633 2382 collecta,
656 2301 742 2367 omni
772 2303 828 2368 arti
849 2301 996 2388 bellicae,
1025 2319 1118 2373 vena.

152 2434 235 2501 tioni
272 2441 314 2502 ac*
340 2431 511 2500 latrociniis
545 2431 667 2513 dedita,
697 2451 762 2498 non
794 2445 915 2515 poterat
947 2449 1012 2497 non
1049 2452 1117 2500 esse

152 2561 307 2643 trudelis3
336 2557 395 2626 nisi
419 2557 567 2641 quaedam
599 2557 746 2624 accedens
780 2577 872 2625 causa
907 2557 1115 2628 crudelitatem

151 2690 306 2775 mitigaret
331 2705 366 2752 ac
395 2695 600 2764 temperaret,
631 2683 676 2748 uti
701 2684 733 2749 in
764 2687 866 2749 armore
898 2695 1019 2766 patrum
1045 2707 1117 2774 erga

155 2809 241 2884 filios
266 2835 301 2881 ac
327 2827 466 2907 uxerem.
508 2807 664 2894 Praeterea
688 2809 836 2889 exemplis
846 2837 863 2888 ‚·
887 2828 964 2889 quae
990 2815 1022 2879 in
1042 2815 1118 2898 legi.

152 2952 215 3019 bus
238 2945 310 3018 x11.
337 2939 444 3009 Tabb.
467 2953 655 3050 occurrerat,
677 2939 709 3004 in
724 2916 871 3022 ¹apricum
901 2941 1030 3023 ponitur
1049 2959 1115 3008 nom

153 3078 189 3144 in
213 3089 315 3143 totum
348 3072 478 3138 deletam
509 3067 607 3138 fuisse
632 3071 736 3153 illam,
767 3083 858 3154 quam
884 3080 998 3138 arvum
1032 3074 1116 3141 vitus
1169 3161 1171 3166 Ι

155 3219 264 3292 perat,
294 3201 507 3281 severitatem,
535 3211 641 3265 verum
665 3200 771 3283 potius
794 3200 862 3285 ejus
892 3199 1023 3282 vestigia
1048 3200 1117 3265 diu-¹

156 3317 222 3404 tius
249 3353 286 3400 ac
317 3330 356 3399 ad
377 3328 487 3395 ultima
510 3345 610 3410 usque
634 3341 774 3410 tempora
800 3327 833 3393 in
859 3328 1044 3410 quibusdam
1069 3309 1120 3395 re}

61 3521 64 3524 .
155 3464 312 3533 mansisse
339 3464 374 3528 ac
395 3458 558 3544 perspicua
573 3455 715 3558 luisse(
746 3459 779 3544 ).

166 3577 173 3588 ’
1067 3582 1118 3654 111-

191 3763 256 3831 0)
281 3747 358 3814 rarsi.
388 3748 422 3810 l.
450 3757 475 3810 1.
506 3757 537 3808 c.
564 3753 607 3807 m.
697 3753 703 3768 ·

191 3850 257 3920 (a)
286 3845 335 3904 uti
365 3841 395 3895 in
410 3846 441 3899 ,1.
472 3857 498 3909 ⁵·
531 3841 562 3896 c.
585 3843 622 3894 aa
654 3842 735 3906 legem
757 3837 860 3896 lutiae
885 3836 1057 3902 Majestarls.
1081 3839 1113 3888 de
1178 3873 1180 3880 .

707 3923 735 3996 C
759 3943 779 3988 2
1059 3929 1119 3983 qua
