2558 4546
121 225 171 314 ὃς.
294 191 886 308 srtcrmertsuttmcuu

130 423 194 506 tit,
223 423 299 507 qui,
333 422 381 490 uti
411 434 545 502 nomm,
573 439 664 504 mm,
690 426 861 509 conspicuo
891 427 924 495 in
956 427 1082 500 fratrem

126 571 257 622 ustum
279 554 443 634 exemplo,
466 549 646 618 vindicavit.
676 551 796 620 Deinde
813 555 891 622 ritus
911 555 1085 652 confarrea-

50 749 54 754 ,
130 679 245 766 monis,
276 681 352 764 qui,
379 692 519 748 narrante
537 698 669 748 recrro
699 682 772 766 (a)
802 701 931 751 reserere
954 686 1085 770 Impera·

131 810 211 877 toris
227 823 366 892 tempore
378 808 479 876 adhuc
497 808 615 890 valuit,
635 828 812 877 neomuto
828 811 1018 882 introductus
1026 821 1087 882 est.

134 938 197 1004 Sed
218 954 359 1022 expresse
382 936 471 1003 amm
498 936 587 1020 plura
612 937 681 1003 locs
709 938 883 1006 Auctorem
903 945 1087 1024 ostendunt.

131 1066 196 1132 vim
221 1067 427 1150 perlongum
448 1064 747 1149 temporisspatium
772 1067 918 1136 habuisse
939 1071 1022 1155 leges
1045 1091 1093 1136 tce
1167 1051 1172 1062 ’

134 1195 214 1279 gius.
256 1192 309 1258 Sic
334 1207 450 1258 mutus
473 1191 542 1276 tbi
564 1206 665 1258 uenat
683 1192 789 1275 justos
811 1195 1093 1285 fuissequosdam

129 1322 280 1409 conquire·
302 1317 341 1385 de
366 1317 486 1405 legebus
509 1332 556 1394 et,
562 1317 768 1402 foederibus,
796 1321 961 1404 additque:
996 1337 1095 1392 erant

134 1449 216 1535 leges
250 1449 372 1534 regiae.
393 1505 396 1510 r
415 1446 491 1514 Non
520 1447 614 1514 aliter.
640 1463 778 1514 nrours.
819 1466 1093 1520 usurtcnunnsss

135 1578 220 1661 leges
254 1593 369 1642 serevn
399 1591 520 1641 ructu
558 1575 597 1642 de
634 1573 845 1644 contractibus
868 1595 911 1646 ac
948 1578 1093 1662 delictis,

136 1704 179 1770 ob
185 1703 401 1770 humanitatem
420 1722 456 1770 ac
475 1702 641 1770 utilitatem
656 1702 814 1787 egregias,
830 1702 1012 1774 observasse
1029 1707 1096 1776 Ro·
1197 1721 1200 1728 '

133 1851 243 1902 manos
256 1847 369 1901 narret.
391 1832 559 1902 Consentit
576 1832 648 1914 his,
666 1833 753 1914 quod
778 1835 816 1900 de
840 1854 969 1902 canuto
989 1855 1094 1906 resc-

136 1982 181 2030 σο
201 1964 362 2046 proditur,
387 1982 458 2030 eum
488 1961 725 2029 commentarios
742 1962 812 2046 (c)
838 1962 870 2032 in
898 1963 980 2046 leges
997 1966 1096 2046 regiae

133 2110 312 2166 arnerrero
346 2093 492 2158 collectas
522 2089 762 2172 conscripsisse.
804 2090 930 2172 Ecquid
957 2094 1019 2160 hoc
1045 2092 1093 2158 fe·

138 2220 253 2300 cisset‚
278 2219 306 2285 si
327 2220 411 2300 apud
434 2217 596 2288 Romanos
628 2218 719 2302 plane
751 2217 869 2286 invisae
901 2237 937 2284 ac
966 2219 1091 2290 inutiles

134 2347 206 2416 iliae
224 2349 309 2432 leges
331 2343 491 2413 fuissenti
534 2345 654 2430 Legum
676 2345 809 2427 durique
831 2347 980 2430 regiarum
1000 2349 1033 2413 in
1051 2352 1094 2416 le-

136 2474 228 2561 gibus
255 2475 324 2540 Xil.
351 2472 453 2540 Tabb.
477 2475 647 2558 conspicua
687 2486 762 2541 sunt
788 2476 941 2558 exemplat
979 2479 1095 2560 patrias

138 2603 304 2690 potestatis
327 2601 463 2684 limites,
496 2619 680 2672 aeonum
705 2602 907 2686 descriptae,
935 2622 1000 2674 uon
1039 2615 1101 2690 per
1174 2675 1177 2680 ,

78 2739 83 2756 ’
142 2734 226 2817 leges
242 2729 313 2796 xn.
333 2727 438 2796 Tabb.
465 2730 641 2800 immutatae
655 2729 804 2813 fuerunt3
826 2733 1093 2817 clientiumacpa·

139 2863 316 2926 tronomm'
343 2859 411 2948 jure
442 2877 540 2942 aeque
580 2872 684 2926 sancte
722 2859 876 2954 obseruari
919 2860 1092 2944 debeban13

141 3005 265 3052 sturme
291 2989 375 3070 leges
391 2987 430 3052 de
453 2989 525 3052 uino
550 3006 611 3049 nen
639 2990 675 3050 e'n
701 3005 814 3070 regum
839 2984 1028 3070 fundendo,
1055 2991 1094 3056 de
1136 2993 1139 3001 '

141 3112 209 3176 litis
231 3112 561 3198 comperendinatione
576 3111 746 3191 migrarunt
762 3110 794 3175 in
810 3110 881 3180 ΧΠ.
898 3111 1002 3179 Tabb.
1020 3113 1093 3200 (d).

141 3237 288 3312 Moribus
312 3237 484 3304 custoditae
499 3235 570 3306 illae
593 3236 701 3320 leges,
726 3235 900 3314 assuefacto
926 3241 965 3314 iis
989 3264 1094 3329 popu.

1045 3377 1095 3452 lu·

174 3508 241 3572 (Ι)
261 3511 332 3568 AM·
356 3509 390 3563 Le
413 3508 465 3564 lv·
490 3509 522 3570 c·
545 3509 586 3570 1⁶·

174 3593 374 3658 (i)L.V1.
400 3591 432 3646 C.
458 3607 482 3647 ι.

182 3681 241 3744 (t)
264 3679 334 3730 Lex.
360 3692 414 3742 144.
438 3677 468 3728 de
497 3677 534 3729 V.
557 3677 590 3729 80

173 3763 234 3830 (d)
260 3774 423 3822 suessanus
442 3760 463 3820 i·
486 3775 513 3820 e·
538 3758 643 3826 putu«
