2452 4552
306 201 905 340 ⁷-··rrrnnotr·rno'r:·.···
1029 267 1153 362 crs,

489 487 492 494 Ι
569 548 602 634 l·
647 570 681 636 s·

410 819 467 917 'De
485 847 629 916 coeranus
650 843 847 921 Nocturnis.

117 1109 142 1152 ¹·
187 1123 317 1197 Rationi
340 1140 532 1210 congruum,
568 1125 626 1208 ut,
650 1127 679 1193 si
718 1126 889 1210 periculum
913 1121 1025 1199 evitare
1049 1111 1107 1204 cu·

139 1247 239 1342 nim,
265 1271 399 1322 attentus
424 1256 468 1322 sis
492 1256 530 1321 de
557 1249 726 1337 iis,''quae·
743 1247 872 1340 periculi
907 1256 1000 1345 hujus
1031 1277 1105 1330 cau·

149 1407 201 1456 sae
225 1387 392 1454 efficientes
418 1375 546 1454 existere
572 1358 718 1472 possunt.
763 1385 814 1454 Ne
839 1389 935 1474 igitur
966 1365 1108 1476 perduel-

138 1503 231 1585 lione
266 1519 416 1584 laboraret
452 1519 581 1596 civitas,
621 1529 793 1584 conventus
831 1509 886 1600 ii',
924 1519 1107 1614 inquibus
1189 1493 1217 1544 7

111 1695 116 1706 ·
155 1649 288 1716 maxima
311 1648 434 1714 occasio
453 1647 591 1715 nascitur
614 1631 760 1714 delictum
777 1648 855 1715 illud
871 1649 1108 1733 committendi,

136 1777 335 1870 ¹prohibendi
358 1789 443 1843 sunt.
486 1766 613 1842 Etenim
638 1773 777 1841 homines
798 1777 906 1858 pravi,
931 1777 1043 1860 perditi
1069 1793 1107 1846 ac

155 1903 278 1972 scelesti
304 1903 528 1985 concauam,
559 1902 792 1987 uc‘congregati
815 1904 924 1985 vitiis,
961 1905 1002 1972 ob
1033 1891 1128 1989 quae

148 2011 359 2115 conveniunt,
386 2033 561 2118 indulgere3
588 2045 665 2116 aut,
693 2031 721 2098 sl
745 2031 942 2116 propositum
965 2031 1004 2100 iis
1031 2030 1113 2098 adsit

136 2147 261 2233 ‘malurn
286 2155 362 2246 qnid
389 2163 556 2242 moliendi,
584 2161 725 2228 coetibus
757 2161 847 2242 suis,
879 2161 917 2228 de
946 2161 1055 2231 mediis
1077 2175 1111 2232 et

149 2293 266 2374 modo,
288 2292 402 2376 quibus
427 2291 591 2386 consilium
610 2291 649 2357 ad
664 2289 757 2358 finem
781 2292 953 2376 producere
975 2305 1111 2374 queant,

136 2403 331 2489 consulunt.
389 2419 513 2483 Mutuis
541 2419 859 2502 compellationibus,
889 2417 1113 2488 adhortationi·
1221 2425 1224 2432 '

103 2531 111 2540 ’
151 2554 293 2632 busque,
319 2565 427 2614 coetus
445 2537 521 2614 ‘talis
540 2547 619 2613 vires
637 2553 750 2634 accipit
771 2537 807 2618 ac
827 2553 922 2620 tantis
944 2551 1113 2618 incremen-
1141 2563 1152 2588 ⁸

147 2683 191 2749 tis
212 2693 361 2764 augetur,
391 2693 426 2741 ut
456 2678 508 2742 alii
539 2680 649 2758 perditi
675 2682 816 2750 homines
840 2701 878 2748 eo
898 2679 1112 2764 confugiant,

148 2823 360 2893 exspectantes
380 2824 415 2872 ac
439 2801 653 2887 confidentes,
685 2827 717 2874 sc
741 2808 787 2875 ibi
811 2773 939 2875 lateiiras
963 2810 1113 2875 scelerum
1218 2879 1219 2882 ,

152 2959 189 3004 rc
214 2935 397 3002 delictorum
415 2936 608 3003 inuenturos.
633 2929 636 2934 ’
651 2935 755 3004 Multa
772 2937 872 3002 dicere
888 2935 926 3002 de
943 2929 1109 3018 pravorum

151 3083 295 3135 coetuum
320 3065 438 3132 damnis
461 3084 584 3132 necesse
608 3085 683 3132 non¹
697 3081 764 3147 est3
803 3083 857 3130 eos
881 3063 1000 3147 respuit
1022 3081 1112 3130 secu·

84 3193 116 3262 ,ᾗ
153 3193 227 3260 ritas
260 3192 406 3277 publica,
434 3211 490 3258 eos
519 3189 601 3257 bona
631 3183 742 3259 ¹ciuitas
766 3189 979 3276 proinde'non
1000 3191 1112 3258 admit·

103 3376 108 3382 .
158 3318 220 3396 tit,
254 3325 315 3383 ‘nec
349 3321 523 3402 prudentes*
545 3303 734 3403 legislatores
764 3341 818 3387 eos
850 3321 1022 3402 impunitos
1045 3338 1114 3418 esse

155 3443 262 3513 sinunt
291 3446 372 3533 (l).
423 3445 490 3514 Has
525 3447 566 3515 ob
599 3466 709 3517 causas
734 3447 908 3518 Decemviri
934 3463 999 3515 non
1021 3460 1113 3534 potc-

745 3583 749 3594 '
1046 3586 1117 3646 rant

207 3715 273 3782 (⁸)
289 3716 412 3772 Videatur
429 3720 483 3773 ‘bac
505 3721 536 3773 de
560 3736 587 3774 re
609 3721 721 3774 Doctiss.
744 3733 773 3772 rr.
792 3731 820 3772 c.
838 3731 966 3772 vorriano
987 3719 1012 3771 iu
1035 3693 1109 3774 Diam

157 3799 192 3864 ds
205 3799 328 3856 doctriua
343 3804 376 3862 ,tr
388 3806 566 3876 imputatione
581 3809 617 3860 ad
630 3809 731 3860 aelicta
748 3806 946 3890 uniuersitatis.
957 3803 1107 3877 applicare.

658 3911 676 3986 l
