2558 4546
343 243 1004 372 *rusuoulust'ns
1088 277 1128 356 a

589 561 622 642 S·
663 579 696 640 4·Δ

329 811 381 878 Da
402 811 520 897 legibus
539 813 691 882 mulctam
711 809 947 897 irrogantibus.
986 845 1003 898 '.

200 1067 269 1154 Jam
292 1068 425 1137 diximus
451 1088 564 1154 paucas
587 1071 662 1136 latas
693 1068 790 1136 luisse
819 1072 915 1152 leges.
957 1063 1115 1151 Quaedam

162 1211 265 1264 tamen
292 1199 369 1266 latae
409 1212 502 1279 sunt,
539 1217 618 1280 quae
647 1201 833 1286 spectabant
852 1217 929 1276 eos,
973 1192 1027 1276 qui
1058 1191 1114 1258 ali·

161 1343 226 1406 quo
260 1326 367 1394 saltem
400 1326 495 1392 modo
524 1326 732 1408 deliquerant,
763 1327 817 1407 qui
851 1343 959 1407 nempe
992 1321 1033 1391 ob
1058 1319 1112 1400 id,

161 1453 250 1536 quod
277 1436 509 1538 magistratuum
539 1454 689 1521 laederent
718 1455 930 1538 majestatem,
965 1424 1113 1516 inulctam

159 1584 244 1647 luere
263 1581 416 1649 debebant
435 1581 522 1664 (a).
564 1579 663 1648 Prima
688 1581 841 1667 ejusmodi
865 1584 967 1666 legum
989 1590 1037 1644 est
1051 1594 1113 1641 vs·

157 1727 285 1790 arum,
313 1725 394 1776 anno
427 1728 461 1776 u.
495 1728 525 1776 c.
558 1726 633 1790 ²45·
664 1729 682 1775 a
714 1728 904 1776 uunarcoutl
930 1699 1001 1792 (b)
1028 1705 1112 1784 lata,

162 1855 243 1920 quae
258 1837 403 1904 mulctam
418 1838 446 1904 ei
462 1835 664 1920 imponebat,
684 1838 738 1920 qui
757 1837 849 1904 dictis
859 1838 1032 1910 Consulum
1043 1807 1122 1901 non

156 1965 400 2049 obtemperaret,
421 1964 491 2030 dein
516 1981 566 2058 so,
584 1982 709 2032 rcrsrus
725 1965 885 2032 Tribunus
899 1961 1002 2030 Plebis
1024 1977 1107 2030 anno

156 2112 195 2160 u.
221 2110 252 2159 c.
279 2095 352 2162 262.
372 2091 571 2160 plebiscitum
601 2093 699 2162 simne
724 2095 796 2160 tunt
820 2094 857 2159 oe
879 2093 940 2173 ns,
961 2090 1016 2174 qut
1040 2061 1114 2156 Tru

157 2223 245 2292 buno
277 2222 518 2296 contradicerent
538 2238 647 2290 eumve
669 2223 912 2306 interpellarent,
934 2223 976 2287 ita
998 2233 1033 2286 ut
1058 2220 1109 2304 ei,

159 2353 347 2436 quicontra
369 2350 467 2432 fecit,
488 2351 601 2417 mulcta
623 2351 850 2434 imponeretur,
869 2355 925 2417 'nec
949 2362 1048 2414 tamen
1070 2349 1113 2413 de

113 2501 117 2507 ·
157 2481 275 2547 mulcta
295 2480 356 2547 hoc
380 2478 413 2546 in
437 2477 603 2546 Plebiscito
626 2479 742 2570 aliquid
762 2479 912 2565 adjectum
936 2477 1028 2558 (ως
1048 2473 1109 2540 Ρο·

157 2609 253 2700 pulus
277 2607 359 2684 enim
383 2627 442 2696 pro
468 2606 567 2673 lubitu
584 2589 642 2674 suo
659 2606 767 2692 agebat
783 2606 814 2672 in
830 2604 955 2670 mulctis
972 2604 1110 2687 irrogas«
1155 2654 1160 2664 .

154 2737 219 2804 dis.
261 2735 337 2802 Non
357 2751 459 2802 autem
485 2736 599 2816 mulcta
623 2734 675 2800 illa
692 2733 731 2800 ad
748 2714 931 2817 majestatem
951 2730 1111 2796 Tribuno-

155 2883 226 2931 rum
249 2862 353 2931 Plebis
369 2863 520 2932 ,tuendam
545 2860 864 2940 minabatur;·verum
885 2858 1027 2942 majestas
1048 2857 1107 2922 Po·

155 2992 224 3076 puli
251 2991 412 3060 videbatur
440 2991 539 3080 laedi,
574 2990 604 3057 si
636 2987 707 3070 quis
736 2986 885 3052 Tribunis
916 2982 1017 3052 Plebis
1041 3001 1106 3051 non

111 3181 114 3184 ,
156 3117 390 3202 obtemperaret.
439 3117 550 3190 Postea
573 3115 773 3183 Plebiscitum
802 3134 901 3182 rcunr
925 3111 1109 3196 repetierunt

152 3266 189 3316 r..
212 3265 392 3328 cousumus
415 3215 460 3312 ac‘
477 3263 514 3312 τ.
537 3259 710 3311 oruucrus
732 3241 867 3332 *Tribuni
881 3241 983 3318 Plebis
998 3255 1029 3310 et
1044 3261 1110 3308 uu·
1221 3261 1225 3270 ·

1044 3387 1106 3435 uu·
1186 3407 1187 3412 =

188 3554 257 3620 (a)
278 3551 342 3604 vid.
372 3551 403 3601 de
433 3551 483 3602 boc
513 3551 571 3602 loco
594 3565 709 3604 nicusus
731 3551 757 3616 ς.
779 3567 805 3615 4.
832 3554 858 3602 in
882 3551 1006 3606 Historia
1024 3531 1105 3618 lutis

158 3639 195 3693 ι.
220 3639 245 3690 1.
269 3629 348 3688 αα.
373 3649 395 3687 s.
419 3650 443 3687 1.
466 3635 492 3698 s.
519 3651 544 3696 3.
565 3633 629 3699 idiq.
654 3648 832 3692 soocunauu.

171 3719 255 3784 (b)
271 3721 432 3772 Pronnaea.
459 3719 484 3770 in
501 3717 564 3772 vita.

189 3801 389 3868 (cumanus.
414 3814 496 3856 nsua.
520 3804 555 3858 Ι..
580 3803 650 3858 Vll·
