2558 4546
88 172 94 190 κ
148 147 210 202 mn
591 145 677 208 e·-

158 331 355 420 timendum,
405 331 583 405 conficere.
660 328 838 404 Assidebat
900 333 1096 425 praesertim

158 490 216 562 illa
241 493 402 582 materia,
427 511 462 562 et
495 512 575 562 vota
592 489 675 570 mihi
703 489 854 577 aderant,
877 509 915 562 ut
954 488 1102 562 consilio

131 677 133 680 ·
162 667 317 724 eventum
339 648 482 742 adjicere
507 667 671 741 possem,·
690 669 825 736 verum,
848 646 908 718 ubi
923 646 990 740 jam
1008 667 1096 718 non·

159 807 251 880 nulla
275 806 510 902 collegissem,
536 827 759 896 nouantem,
786 806 836 880 uti
862 805 1006 893 vellem,
1023 805 1095 877 ela·

162 969 329 1042 borassem
343 971 592 1056 ,necessitate,
617 989 686 1040 non
706 969 841 1039 minima
859 963 916 1040 ilia
935 966 1097 1061 quidem,

160 1147 331 1240 cogente,
349 1125 440 1220 ‚utile
470 1126 554 1198 mihi
574 1146 647 1198 esse
666 1125 745 1199 duxi
766 1124 852 1198 hanc
878 1125 1099 1198 Academiam

169 1281 357 1380 relinquere
380 1309 420 1357 ac
442 1263 510 1358 non
537 1286 632 1382 sequi
661 1281 861 1372 consilium,
891 1265 1007 1378 quod,
1031 1288 1102 1378 pri·

77 1472 81 1482 “
165 1470 224 1521 mo
243 1469 402 1541 -tempore
434 1451 547 1520 animo
566 1445 700 1534 aderat,
725 1444 820 1541 quod
839 1445 918 1518 ideo
942 1455 977 1516 et
997 1445 1100 1518 talem

167 1611 432 1682 immutationem
457 1609 615 1704 accepit,
641 1629 678 1682 ut
703 1628 829 1682 tantum
858 1609 901 1682 de
932 1631 1102 1702 nmsmuo

168 1765 263 1865 Jure
288 1767 463 1843 Puniendi
490 1768 590 1864 apud
611 1765 789 1858 Romanos·
814 1764 960 1842 collecta
987 1767 1106 1862 publi·

167 1934 207 2004 ei
221 1929 311 2022 ‘j‘nris
326 1925 444 2002 iacere
472 1927 658 2003 statuerim,

209 2087 309 2160 Haec
334 2088 437 2184 igitur
457 2106 547 2160 nunc
565 2106 645 2158 mm
662 2081 795 2174 offero,
817 2105 973 2159 necnon·
988 2104 1101 2156 annes

169 2255 270 2324 vona
302 2209 366 2340 (si
390 2221 489 2338 quem
519 2248 663 2319 inveniat
683 2243 868 2342 libellus);
895 2267 965 2318 non
992 2266 1106 2320 autem

170 2429 335 2504 possem,-
354 2409 436 2502 quin
467 2426 500 2477 te
531 2407 753 2490 admoneam,
790 2425 828 2478 ut
859 2427 993 2501 semper
1021 2404 1110 2482 illud
1188 2481 1190 2486 ,

169 2588 246 2640 anta
281 2565 407 2640 oculos
442 2564 583 2650 habeas,
623 2583 676 2634 me
708 2561 767 2636 illa
810 2581 879 2636 non
915 2581 980 2636 tam
1008 2564 1110 2638 citius

171 2727 337 2800 editurum
349 2715 478 2811 fuisse,
489 2727 553 2798 nisi
569 2723 646 2798 talia
663 2725 844 2798 adfuissent
856 2745 896 2810 ,e
907 2722 1031 2818 quibus
1042 2721 1113 2824 hoe

173 2889 408 2963 mihisaevum
424 2889 571 2960 officium
589 2889 736 2974 exstitit,
750 2883 830 2958 huic
847 2883 1047 2964 Academiae
1062 2903 1104 2956 ae

175 3047 276 3120 hisce·
295 3009 483 3121 Musarum
497 3044 714 3118 Antistitibus
734 3043 873 3118 saldtem
894 3066 1000 3118 meam
1018 3043 1111 3119 dare,

178 3207 224 3280 Si
237 3225 347 3278 autem
376 3203 506 3290 dicam,
529 3201 615 3274 illud
631 3223 685 3274 me
708 3204 850 3276 invitum
869 3223 967 3300 agere
984 3225 1025 3275 ac
1046 3203 1111 3278 do·
1167 3297 1170 3304 Ἴ

180 3366 263 3440 lore*
274 3369 328 3439 me
351 3371 492 3460 propter
509 3360 545 3435 id
568 3359 697 3460 premi,
730 3361 811 3440 false
833 3385 923 3436 certe
943 3385 1012 3437 non
1030 3347 1134 3458 pro»¹

180 3526 281 3636 femi
307 3499 448 3613 verum,
475 3525 556 3598 licet
584 3524 748 3619 proclivis
774 3523 909 3598 adalia
936 3545 1024 3598 esset
1041 3529 1116 3601 ani·

184 3669 288 3774 mus,
309 3683 587 3778 parendnmerat
608 3685 752 3762 monitis·
767 3683 897 3760 Matris
913 3682 1116 3762 carissimae

1076 3861 1127 3917 ac·
