2558 4546
352 219 849 324 rusucurium
1039 241 1077 324 s

1074 343 1087 378 Ο

3 491 6 502 .
113 441 264 530 superbia
286 453 380 524 atque
392 439 504 508 omnir
525 437 566 507 ad
588 427 680 504 suum
695 435 856 505 arbitrium
874 437 1081 522 componendi

115 572 308 647 desiderium
326 577 512 634 succurrunt
522 609 535 646 ,
545 564 587 633 itr
602 579 639 630 ut
656 562 849 632 dubiterivix
866 568 986 649 possit,
1002 567 1081 650 quin

113 723 152 773 ea
184 696 383 787 plurimarum
414 698 547 764 rixarum
580 707 674 778 atque
704 695 941 762 contentionum
970 705 1080 764 causae
1121 725 1125 734 ·

115 845 204 900 recte
217 827 371 894 donum.
390 839 392 844 ·
413 807 491 890 Non
514 826 617 892 mmm
634 824 759 906 statim,
775 841 811 891 ac
828 825 951 908 depulsi
966 823 1083 892 fuerint

119 976 231 1044 reges,
255 955 333 1022 iilud
357 957 537 1025 dominandi
560 958 697 1026 studium
720 957 859 1026 Petriciis
885 959 1008 1027 aderat:
1030 977 1085 1042 pe·

51 1145 54 1148 .
120 1089 252 1158 ticulum
274 1088 355 1154 enim
379 1106 417 1156 ex
437 1088 616 1174 Tarquiniis
638 1091 802 1178 imminens
820 1089 955 1158 onmium
971 1075 1083 1156 animis

122 1217 363 1286 sollicitudinem
396 1218 561 1306 injecerat,
585 1237 647 1302 ne,
682 1221 810 1288 reducto
837 1239 930 1305 rege,
951 1220 1082 1287 deterior

120 1348 263 1415 existeret
288 1345 449 1428 conditio,
472 1347 514 1413 ita
535 1359 571 1412 ut
587 1347 733 1430 demum,
753 1361 839 1414 metu
853 1362 1011 1429 cessante,
1033 1367 1083 1415 ac-

122 1477 260 1543 ciderent
284 1493 340 1558 ea,
370 1475 545 1560 exquibus
571 1491 732 1558 postremo
758 1475 876 1545 exstitit
898 1477 949 1546 illa
963 1481 1083 1564 rogatio

123 1617 162 1670 ut
195 1605 252 1671 viri
278 1604 371 1687 periti
397 1602 437 1670 ad
467 1602 652 1688 coligendas
678 1605 818 1690 lepesin
844 1607 917 1675 alias
943 1607 1085 1691 regiones

122 1734 342 1816 mitterentur,
370 1746 406 1799 ut
437 1749 580 1818 expresse
605 1733 774 1801 sanciretur
805 1735 980 1819 derebus,
1008 1757 1087 1824 quae

123 1877 213 1931 entea
235 1879 290 1946 per
314 1879 417 1931 mores
443 1875 564 1930 tantum
594 1881 629 1928 ac
663 1863 784 1946 saepius
813 1883 870 1948 per
890 1865 1091 1935 Patriciorum

126 1993 287 2063 arbitrium
313 1989 590 2074 componebantur.

171 2122 383 2188 Romanorum
411 2135 524 2203 nempe
555 2116 695 2185 conditio
719 2117 797 2186 iliud
822 2105 937 2191 efficere
967 2121 1092 2206 debuit,

7 2259 8 2264 ’
126 2265 254 2320 utnon
278 2253 370 2335 plane
395 2252 486 2320 novis
514 2251 636 2336 legibus
658 2265 834 2339 regerentur
856 2251 1013 2336 Romani,
1039 2269 1094 2321 ve·

126 2401 196 2449 rum
215 2395 251 2446 ut
266 2382 375 2464 plura,
401 2398 481 2463 quae
503 2379 563 2447 sub
587 2379 712 2466 regibus
736 2381 998 2465 observabanurr,
1019 2395 1093 2465 post

126 2513 200 2580 illos
224 2525 347 2579 exactos
382 2525 414 2578 et
445 2529 506 2580 usu
532 2511 727 2580 invaluerint.
778 2511 843 2582 Ubi
871 2514 950 2580 enim
983 2513 1092 2581 civitas

125 2641 185 2708 tali
192 2655 314 2725 regatur
336 2641 454 2722 modo,
474 2641 528 2708 tali
545 2642 672 2709 servitio
688 2652 736 2708 est
749 2640 904 2718 obnoxia,
921 2653 956 2706 ut
972 2639 1093 2708 nullum

129 2771 223 2854 plane
243 2768 393 2837 libertatis
417 2771 552 2854 supersit
578 2768 766 2853 vestigium
796 2767 850 2835 ubi
873 2767 1007 2834 civitatis
1028 2785 1093 2834 rec·

129 2914 224 2967 tores
240 2900 316 2965 tales
342 2899 428 2981 sint,
443 2913 480 2966 ut
503 2898 667 2982 imperium
685 2913 791 2963 eorum
809 2893 972 2977 aequaliter
994 2893 1094 2961 omni·

128 3029 192 3100 bus
205 3030 279 3096 odio
294 3045 362 3096 esse
376 3026 504 3109 debeat,
525 3025 636 3093 mirum
654 3043 718 3092 non
742 3039 811 3104 est,
838 2994 1009 3101 istorum,
1025 3017 1094 3088 mu·

129 3159 192 3225 nri
222 3156 357 3225 civitatis
383 3167 519 3236 statum,
555 3169 653 3220 novas
680 3151 810 3235 proinde
833 3151 963 3217 existere
987 3151 1092 3235 leges,

127 3300 257 3368 vetera,
278 3305 356 3370 quae
374 3282 640 3362 observabantur,
658 3280 784 3365 penitus
800 3279 1013 3360 obsolescere,
1034 3297 1092 3346 nec

127 3416 267 3483 iliorum
278 3417 376 3483 ullum
393 3411 526 3495 emplius
550 3421 691 3492 apparere
711 3405 895 3489 vestigium3
917 3405 972 3472 ubi
986 3426 1004 3474 e
1020 3423 1095 3474 con·

128 3557 182 3612 tra
203 3561 270 3614 non
297 3546 351 3621 tali
377 3545 461 3610 cives
488 3551 664 3625 premantur
688 3535 837 3615 servitio,
867 3535 909 3603 ita
942 3549 977 3603 ut
1001 3555 1095 3606 eausa

88 3695 91 3700 ·
132 3674 286 3766 quaedam
302 3674 430 3746 existere
452 3672 584 3755 debeat,
607 3681 679 3738 uta
706 3639 795 3740 collis
808 3666 970 3740 ‘denudem
984 3667 1095 3757 jugum
