2558 4546
306 243 926 350 'runuounntn”
1100 277 1124 362 a

139 482 200 561 la,
230 475 397 562 quaesere
425 478 619 563 singulorum
649 477 839 563 populorum
862 475 1021 546 historiam
1042 495 1113 564 pre-

144 609 231 691 mit,
255 626 312 674 nec
334 621 424 676 vacat
443 607 585 676 Romana
609 607 737 702 historia
758 626 818 690 ac,
846 625 911 690 quo
929 607 1028 692 magia
1044 605 1113 677 Ro-

142 755 213 804 mae
237 749 374 804 vetustas
397 737 439 803 sit
455 751 595 816 remota,
615 753 654 803 eo
669 731 792 804 facilior
806 735 897 804 datur
912 735 1109 822 conjectandi

144 865 274 934 materia
298 879 330 930 et
351 865 539 932 incertitudo
565 861 633 929 fere
656 864 789 948 singulis
820 863 977 950 gressibus
1002 860 1113 932 adhae-

145 1011 242 1074 rens,
268 991 437 1075 quominus
457 992 602 1075 quaedam
624 993 666 1060 ad
683 993 866 1061 evidentiam
883 995 1111 1078 perducantru,

147 1121 302 1204 impedit,
344 1121 421 1188 adeo
451 1135 487 1187 ut
514 1140 635 1205 semper
658 1140 795 1204 cortun,
834 1121 888 1210 qui
908 1123 1114 1208 Antiquitati-

146 1248 212 1314 bus
244 1247 394 1316 Romanis
422 1269 458 1317 ac
491 1249 648 1317 Historiae
675 1248 835 1318 Romanae
864 1270 989 1336 operam
1015 1252 1113 1335 daut,

147 1377 309 1444 audiamus
337 1380 476 1460 querelas
506 1377 544 1446 de
576 1376 788 1459 obscuritate,
820 1398 882 1463 qua
898 1361 1026 1448 ¹Romae
1041 1381 1113 1448 ini·

146 1504 194 1572 tia
213 1505 247 1572 in
271 1505 391 1573 cunctis
408 1521 483 1572 sunt
501 1505 669 1589 obvoluta3
692 1506 801 1573 exinde
825 1507 935 1590 multi,
953 1507 1115 1576 incredioi·
1204 1501 1205 1506 ’

147 1634 192 1702 lia
215 1632 311 1700 ferme
338 1636 441 1713 omnia
473 1650 673 1730 respuentes,
703 1636 742 1702 ad
765 1633 888 1703 fabulas
903 1638 1038 1720 relegant
1061 1654 1119 1719 ea,

147 1781 230 1848 quae
258 1765 297 1830 de
327 1762 445 1831 Romae
473 1763 651 1848 primordiis
685 1780 722 1829 ac
748 1763 788 1828 de
816 1764 883 1849 ejus
915 1765 1113 1834 incrementis

148 1891 213 1958 sub
236 1891 358 1977 regibus
376 1891 421 1960 ab
444 1890 637 1960 Auctoribus
660 1887 861 1974 proferuntur
878 1891 969 1972 (a).
1020 1893 1116 1962 Haud
1157 1901 1159 1904 ’

88 2023 93 2032 ’
145 2009 260 2089 mirum
288 2019 381 2104 igitur
406 2039 467 2086 nos
495 2019 580 2106 ‚luris
605 2016 807 2101 criminalis,
831 2020 878 2086 uti
910 2017 1011 2088 fuerat
1036 2035 1117 2092 tem·
1178 2025 1180 2029 ’

148 2166 228 2232 pore
251 2167 382 2232 regum,
403 2147 539 2216 indolem
562 2147 771 2232 descripturos
794 2147 972 2216 indubium
989 2149 1110 2217 haerere

147 2297 185 2344 ac
209 2278 316 2344 auxios
343 2294 411 2344 esse
436 2276 585 2360 quaedam
601 2275 759 2362 proferre,
781 2295 821 2345 ne
836 2279 906 2360 illa,
930 2279 960 2346 si
980 2279 1013 2346 in
1032 2279 1112 2346 veri·

145 2406 220 2473 tatis
237 2405 353 2472 trutina
377 2417 587 2488 ponerentur,
608 2405 686 2472 levia
703 2421 896 2492 apparerent.

193 2533 244 2602 Ex
276 2534 338 2604 illia
373 2547 496 2616 tamen,
527 2551 606 2618 quae
634 2533 700 2601 fere
722 2535 755 2602 in
778 2553 963 2619 quacunque
982 2535 1111 2618 pelvium

149 2677 287 2732 recenter
308 2676 378 2730 mta
401 2663 566 2744 eveniunt,
587 2677 625 2730 ert
649 2663 862 2732 Romanorum
888 2665 991 2732 indole
1012 2664 1112 2751 conji-

51 2841 53 2846 ι
150 2811 220 2859 cere
243 2792 393 2874 quaedam
418 2792 512 2872 licet,
533 2809 612 2874 quae
633 2786 853 2860 forte'veritati
876 2810 941 2859 non
958 2792 1112 2860 omnimo·
1212 2798 1216 2808 '

111 2951 112 2954 ¹
148 2923 193 2990 do
213 2921 426 2988 adversantur.
467 2920 552 2992 Cum
573 2934 675 2990 autem
694 2918 876 2988 observarem
891 2920 944 3006 jus
959 2918 1112 3004 puniendi
1220 2937 1222 2940 ·

1029 3049 1113 3134 apud

186 3172 254 3240 (a)
275 3171 340 3224 vm.
362 3183 449 3224 trusus
464 3171 497 3225 t.
515 3171 566 3224 vl.
593 3173 624 3224 C.
644 3186 669 3226 1.
703 3172 754 3238 Qui
776 3172 841 3226 enim
859 3173 913 3244 fieri
935 3174 1020 3241 potuit
1035 3178 1106 3228 Aue-

155 3272 225 3312 tores
246 3257 367 3318 Latinos.
390 3257 433 3308 llla
454 3254 563 3308 fontium
587 3255 709 3320 penuria,
733 3273 807 3320 quam
825 3259 954 3312 Gallorum
979 3260 1049 3312 auxit
1065 3261 1105 3312 in·

154 3344 249 3406 vasio,
273 3355 335 3393 vera
358 3339 480 3404 quaedam
502 3338 615 3391 iuvenire
638 3352 666 3392 et
687 3341 817 3404 proferre?
841 3345 896 3395 Hac
918 3345 943 3394 in
963 3345 1108 3405 redierant

155 3433 288 3484 Romanae
311 3423 435 3476 Histonre
467 3423 600 3488 primordia
627 3439 642 3476 a
667 3423 788 3488 Graeciae
812 3407 841 3478 ils
864 3439 992 3478 uouaaus
1013 3441 1108 3493 nempe

155 3514 261 3574 aderat,
278 3509 321 3574 qui
330 3547 340 3573 ,
357 3509 404 3560 etsl
419 3510 553 3565 Poitarum
569 3523 638 3561 more
660 3508 774 3561 fictiones
797 3524 826 3562 ac
839 3510 934 3563 mbulas
957 3511 1042 3562 multis
1057 3512 1106 3566 im.

155 3597 292 3659 misceret,
301 3609 346 3658 pro
359 3593 505 3646 narrationis
516 3593 683 3646 fundamentis
691 3631 700 3659 ,
709 3595 828 3646 nonnulla
836 3593 1086 3648 tamenlrabultfacta
1098 3634 1109 3665 ,

157 3695 245 3746 quae,
270 3683 293 3732 ai
314 3695 375 3732 vera
398 3679 534 3742 praedicari
549 3695 600 3733 non
617 3681 730 3746 possint,
751 3679 993 3734 verisimilitudinem
1015 3695 1105 3744 quam.

156 3765 220 3818 dam
238 3767 341 3817 habent.
374 3766 502 3824 Wstnare
525 3766 685 3820 atalanten
703 3765 813 3819 Grande
829 3781 879 3821 rto
892 3766 997 3834 decit.
1020 3769 1106 3824 Stant

159 3851 219 3905 und
242 3847 346 3911 Strase.
375 3857 440 3916 pap.
463 3861 521 3913 adl·
1100 3863 1102 3866 ·

653 3935 726 4018 Aa
1036 3938 1055 3996 a
