<?xml version="1.0" encoding="UTF-8"?>
<!DOCTYPE html PUBLIC "-//W3C//DTD XHTML 1.0 Transitional//EN"
    "http://www.w3.org/TR/xhtml1/DTD/xhtml1-transitional.dtd">
<html xmlns="http://www.w3.org/1999/xhtml" xml:lang="en" lang="en">
 <head>
  <title>
</title>
<meta http-equiv="Content-Type" content="text/html;charset=utf-8" />
  <meta name='ocr-system' content='tesseract 3.04.00' />
  <meta name='ocr-capabilities' content='ocr_page ocr_carea ocr_par ocr_line ocrx_word'/>
</head>
<body>
  <div class='ocr_page' id='page_1' title='image "./deantiquajurisp00walrgoog_0052.png"; bbox 0 0 2558 4546; ppageno 0'>
   <div class='ocr_carea' id='block_1_1' title="bbox 319 224 1109 322">
    <p class='ocr_par' dir='ltr' id='par_1_1' title="bbox 319 224 1109 322">
     <span class='ocr_line' id='line_1_1' title="bbox 319 224 1109 322; baseline 0.011 -22"><span class='ocrx_word' id='word_1_1' title='bbox 319 224 875 306; x_wconf 40' lang='lat' dir='ltr'>¹¹INAUGURALE.</span> <span class='ocrx_word' id='word_1_2' title='bbox 1064 249 1109 322; x_wconf 71' lang='lat'>35</span> 
     </span>
    </p>
   </div>
   <div class='ocr_carea' id='block_1_2' title="bbox 41 421 1102 2305">
    <p class='ocr_par' dir='ltr' id='par_1_2' title="bbox 125 421 1102 1404">
     <span class='ocr_line' id='line_1_2' title="bbox 146 421 1102 519; baseline 0.006 -21"><span class='ocrx_word' id='word_1_3' title='bbox 146 421 356 510; x_wconf 69' lang='lat' dir='ltr'>mactandae,</span> <span class='ocrx_word' id='word_1_4' title='bbox 373 447 463 496; x_wconf 90' lang='lat' dir='ltr'>nemo</span> <span class='ocrx_word' id='word_1_5' title='bbox 480 429 671 512; x_wconf 82' lang='lat' dir='ltr'>aliquatenus</span> <span class='ocrx_word' id='word_1_6' title='bbox 690 431 842 498; x_wconf 80' lang='lat' dir='ltr'>Historiae</span> <span class='ocrx_word' id='word_1_7' title='bbox 856 431 1012 500; x_wconf 78' lang='lat' dir='ltr'>Romanae</span> <span class='ocrx_word' id='word_1_8' title='bbox 1027 453 1102 519; x_wconf 83' lang='lat' dir='ltr'>gna·</span> 
     </span>
     <span class='ocr_line' id='line_1_3' title="bbox 140 557 1097 642; baseline 0.013 -22"><span class='ocrx_word' id='word_1_9' title='bbox 140 571 196 620; x_wconf 81' lang='lat' dir='ltr'>rus</span> <span class='ocrx_word' id='word_1_10' title='bbox 222 570 289 635; x_wconf 82' lang='lat' dir='ltr'>est,</span> <span class='ocrx_word' id='word_1_11' title='bbox 321 557 374 638; x_wconf 86' lang='lat' dir='ltr'>qut</span> <span class='ocrx_word' id='word_1_12' title='bbox 401 559 535 642; x_wconf 81' lang='lat' dir='ltr'><strong>ignorat.</strong></span> <span class='ocrx_word' id='word_1_13' title='bbox 583 558 679 624; x_wconf 90' lang='lat' dir='ltr'>Liber</span> <span class='ocrx_word' id='word_1_14' title='bbox 709 560 862 626; x_wconf 88' lang='lat' dir='ltr'>secundus</span> <span class='ocrx_word' id='word_1_15' title='bbox 896 577 983 626; x_wconf 82' lang='lat' dir='ltr'>rtru</span> <span class='ocrx_word' id='word_1_16' title='bbox 1013 577 1097 632; x_wconf 70' lang='lat' dir='ltr'>alvu</span> 
     </span>
     <span class='ocr_line' id='line_1_4' title="bbox 125 681 1095 769; baseline 0.012 -21"><span class='ocrx_word' id='word_1_17' title='bbox 125 681 273 748; x_wconf 48' lang='lat' dir='ltr'>&#39;refertus</span> <span class='ocrx_word' id='word_1_18' title='bbox 297 698 344 750; x_wconf 85' lang='lat' dir='ltr'>est</span> <span class='ocrx_word' id='word_1_19' title='bbox 369 685 519 769; x_wconf 89' lang='lat' dir='ltr'>ejusmodi</span> <span class='ocrx_word' id='word_1_20' title='bbox 542 683 657 767; x_wconf 87' lang='lat' dir='ltr'>rebus,</span> <span class='ocrx_word' id='word_1_21' title='bbox 681 688 723 754; x_wconf 88' lang='lat' dir='ltr'>ita</span> <span class='ocrx_word' id='word_1_22' title='bbox 750 700 806 767; x_wconf 89' lang='lat' dir='ltr'>ut,</span> <span class='ocrx_word' id='word_1_23' title='bbox 834 687 896 754; x_wconf 89' lang='lat' dir='ltr'>nisi</span> <span class='ocrx_word' id='word_1_24' title='bbox 920 687 1095 766; x_wconf 78' lang='lat' dir='ltr'>Constdum</span> 
     </span>
     <span class='ocr_line' id='line_1_5' title="bbox 138 810 1095 895; baseline 0.009 -19"><span class='ocrx_word' id='word_1_25' title='bbox 138 810 305 882; x_wconf 79' lang='lat' dir='ltr'>auctoritas</span> <span class='ocrx_word' id='word_1_26' title='bbox 331 810 452 895; x_wconf 86' lang='lat' dir='ltr'>saepius</span> <span class='ocrx_word' id='word_1_27' title='bbox 478 812 716 892; x_wconf 83' lang='lat' dir='ltr'>intercessisset,</span> <span class='ocrx_word' id='word_1_28' title='bbox 737 814 774 880; x_wconf 87' lang='lat' dir='ltr'>ab</span> <span class='ocrx_word' id='word_1_29' title='bbox 796 815 887 882; x_wconf 84' lang='lat' dir='ltr'>armis</span> <span class='ocrx_word' id='word_1_30' title='bbox 902 833 965 882; x_wconf 88' lang='lat' dir='ltr'>non</span> <span class='ocrx_word' id='word_1_31' title='bbox 983 815 1095 885; x_wconf 87' lang='lat' dir='ltr'>fuisset</span> 
     </span>
     <span class='ocr_line' id='line_1_6' title="bbox 138 939 1090 1033; baseline 0.009 -29"><span class='ocrx_word' id='word_1_32' title='bbox 138 951 366 1033; x_wconf 67' lang='lat' dir='ltr'>temperatum</span> <span class='ocrx_word' id='word_1_33' title='bbox 397 941 468 1006; x_wconf 93' lang='lat' dir='ltr'>licet</span> <span class='ocrx_word' id='word_1_34' title='bbox 504 939 626 1024; x_wconf 83' lang='lat' dir='ltr'>saepius</span> <span class='ocrx_word' id='word_1_35' title='bbox 653 941 837 1008; x_wconf 82' lang='lat' dir='ltr'>creditorum</span> <span class='ocrx_word' id='word_1_36' title='bbox 867 943 991 1010; x_wconf 88' lang='lat' dir='ltr'>saevitia</span> <span class='ocrx_word' id='word_1_37' title='bbox 1026 963 1090 1014; x_wconf 86' lang='lat' dir='ltr'>nott</span> 
     </span>
     <span class='ocr_line' id='line_1_7' title="bbox 137 1065 1092 1152; baseline 0.004 -16"><span class='ocrx_word' id='word_1_38' title='bbox 137 1065 345 1149; x_wconf 80' lang='lat' dir='ltr'>mitigaretur,</span> <span class='ocrx_word' id='word_1_39' title='bbox 383 1068 594 1150; x_wconf 87' lang='lat' dir='ltr'>praesentibus</span> <span class='ocrx_word' id='word_1_40' title='bbox 626 1067 839 1152; x_wconf 83' lang='lat' dir='ltr'>Consulibns3</span> <span class='ocrx_word' id='word_1_41' title='bbox 889 1072 987 1140; x_wconf 82' lang='lat' dir='ltr'>donec</span> <span class='ocrx_word' id='word_1_42' title='bbox 1024 1087 1092 1140; x_wconf 87' lang='lat' dir='ltr'>tan·</span> 
     </span>
     <span class='ocr_line' id='line_1_8' title="bbox 136 1193 1095 1280; baseline 0.009 -20"><span class='ocrx_word' id='word_1_43' title='bbox 136 1193 210 1260; x_wconf 90' lang='lat' dir='ltr'>dem</span> <span class='ocrx_word' id='word_1_44' title='bbox 223 1194 313 1262; x_wconf 89' lang='lat' dir='ltr'>creati</span> <span class='ocrx_word' id='word_1_45' title='bbox 333 1194 466 1262; x_wconf 86' lang='lat' dir='ltr'>Tribuni</span> <span class='ocrx_word' id='word_1_46' title='bbox 491 1195 594 1266; x_wconf 87' lang='lat' dir='ltr'>Plebis</span> <span class='ocrx_word' id='word_1_47' title='bbox 611 1214 667 1264; x_wconf 84' lang='lat' dir='ltr'>sua</span> <span class='ocrx_word' id='word_1_48' title='bbox 691 1210 845 1280; x_wconf 85' lang='lat' dir='ltr'>potestate</span> <span class='ocrx_word' id='word_1_49' title='bbox 864 1199 1009 1270; x_wconf 73' lang='lat' dir='ltr'>amilium</span> <span class='ocrx_word' id='word_1_50' title='bbox 1026 1199 1095 1270; x_wconf 86' lang='lat' dir='ltr'>Ple·</span> 
     </span>
     <span class='ocr_line' id='line_1_9' title="bbox 138 1299 423 1404; baseline 0.004 -16"><span class='ocrx_word' id='word_1_51' title='bbox 138 1319 218 1404; x_wconf 86' lang='lat' dir='ltr'>bejis</span> <span class='ocrx_word' id='word_1_52' title='bbox 239 1299 423 1389; x_wconf 82' lang='lat' dir='ltr'>tribuerent.</span> 
     </span>
    </p>

    <p class='ocr_par' dir='ltr' id='par_1_3' title="bbox 41 1447 1096 2305">
     <span class='ocr_line' id='line_1_10' title="bbox 178 1447 1088 1536; baseline 0.009 -22"><span class='ocrx_word' id='word_1_53' title='bbox 178 1447 246 1514; x_wconf 88' lang='lat' dir='ltr'>Nec</span> <span class='ocrx_word' id='word_1_54' title='bbox 269 1449 347 1516; x_wconf 88' lang='lat' dir='ltr'>illud</span> <span class='ocrx_word' id='word_1_55' title='bbox 364 1451 416 1535; x_wconf 85' lang='lat' dir='ltr'>jus</span> <span class='ocrx_word' id='word_1_56' title='bbox 442 1448 625 1516; x_wconf 83' lang='lat' dir='ltr'>creditorum</span> <span class='ocrx_word' id='word_1_57' title='bbox 651 1455 682 1516; x_wconf 88' lang='lat' dir='ltr'>in</span> <span class='ocrx_word' id='word_1_58' title='bbox 707 1469 820 1536; x_wconf 85' lang='lat' dir='ltr'>corpus</span> <span class='ocrx_word' id='word_1_59' title='bbox 840 1451 1011 1520; x_wconf 86' lang='lat' dir='ltr'>debitorum</span> <span class='ocrx_word' id='word_1_60' title='bbox 1032 1455 1088 1522; x_wconf 80' lang='lat' dir='ltr'>ali·</span> 
     </span>
     <span class='ocr_line' id='line_1_11' title="bbox 136 1576 1087 1662; baseline 0.002 -18"><span class='ocrx_word' id='word_1_61' title='bbox 136 1576 220 1644; x_wconf 89' lang='lat' dir='ltr'>unde</span> <span class='ocrx_word' id='word_1_62' title='bbox 235 1578 453 1660; x_wconf 87' lang='lat' dir='ltr'>repetendum,</span> <span class='ocrx_word' id='word_1_63' title='bbox 476 1595 566 1657; x_wconf 86' lang='lat' dir='ltr'>quam</span> <span class='ocrx_word' id='word_1_64' title='bbox 588 1595 624 1642; x_wconf 80' lang='lat' dir='ltr'>ex</span> <span class='ocrx_word' id='word_1_65' title='bbox 649 1596 709 1658; x_wconf 91' lang='lat' dir='ltr'>eo,</span> <span class='ocrx_word' id='word_1_66' title='bbox 730 1579 816 1660; x_wconf 88' lang='lat' dir='ltr'>quod</span> <span class='ocrx_word' id='word_1_67' title='bbox 834 1578 974 1647; x_wconf 87' lang='lat' dir='ltr'>Sectione</span> <span class='ocrx_word' id='word_1_68' title='bbox 998 1599 1087 1662; x_wconf 88' lang='lat' dir='ltr'>prae·</span> 
     </span>
     <span class='ocr_line' id='line_1_12' title="bbox 131 1702 1089 1800; baseline 0.005 -30"><span class='ocrx_word' id='word_1_69' title='bbox 131 1703 254 1772; x_wconf 79' lang='lat' dir='ltr'>cedenti</span> <span class='ocrx_word' id='word_1_70' title='bbox 274 1702 427 1794; x_wconf 85' lang='lat' dir='ltr'>diximus,</span> <span class='ocrx_word' id='word_1_71' title='bbox 458 1703 540 1770; x_wconf 85' lang='lat' dir='ltr'>laeso</span> <span class='ocrx_word' id='word_1_72' title='bbox 561 1705 613 1788; x_wconf 85' lang='lat' dir='ltr'>J&#39;us</span> <span class='ocrx_word' id='word_1_73' title='bbox 637 1723 706 1770; x_wconf 89' lang='lat' dir='ltr'>esse</span> <span class='ocrx_word' id='word_1_74' title='bbox 733 1705 904 1789; x_wconf 87' lang='lat' dir='ltr'>damnum,</span> <span class='ocrx_word' id='word_1_75' title='bbox 926 1709 1089 1800; x_wconf 87' lang='lat' dir='ltr'>alaedenti</span> 
     </span>
     <span class='ocr_line' id='line_1_13' title="bbox 41 1831 1096 1918; baseline 0.01 -26"><span class='ocrx_word' id='word_1_76' title='bbox 41 1881 45 1892; x_wconf 93' lang='lat'>.</span> <span class='ocrx_word' id='word_1_77' title='bbox 129 1831 257 1911; x_wconf 80' lang='lat' dir='ltr'>datum,</span> <span class='ocrx_word' id='word_1_78' title='bbox 282 1831 435 1914; x_wconf 87' lang='lat' dir='ltr'>repetendi</span> <span class='ocrx_word' id='word_1_79' title='bbox 466 1850 523 1911; x_wconf 90' lang='lat' dir='ltr'>ac,</span> <span class='ocrx_word' id='word_1_80' title='bbox 555 1831 582 1898; x_wconf 86' lang='lat' dir='ltr'>si</span> <span class='ocrx_word' id='word_1_81' title='bbox 609 1849 684 1914; x_wconf 84' lang='lat' dir='ltr'>opes</span> <span class='ocrx_word' id='word_1_82' title='bbox 706 1851 769 1899; x_wconf 89' lang='lat' dir='ltr'>non</span> <span class='ocrx_word' id='word_1_83' title='bbox 794 1835 947 1914; x_wconf 83' lang='lat' dir='ltr'>valerent,</span> <span class='ocrx_word' id='word_1_84' title='bbox 977 1852 1096 1918; x_wconf 81' lang='lat' dir='ltr'>corpus</span> 
     </span>
     <span class='ocr_line' id='line_1_14' title="bbox 127 1957 1095 2039; baseline 0.004 -13"><span class='ocrx_word' id='word_1_85' title='bbox 127 1961 169 2026; x_wconf 80' lang='lat' dir='ltr'>ad</span> <span class='ocrx_word' id='word_1_86' title='bbox 196 1977 287 2026; x_wconf 85' lang='lat' dir='ltr'>suum</span> <span class='ocrx_word' id='word_1_87' title='bbox 306 1974 395 2028; x_wconf 88' lang='lat' dir='ltr'>usum</span> <span class='ocrx_word' id='word_1_88' title='bbox 418 1957 602 2039; x_wconf 87' lang='lat' dir='ltr'>adhibendi,</span> <span class='ocrx_word' id='word_1_89' title='bbox 630 1973 664 2024; x_wconf 89' lang='lat' dir='ltr'>ut</span> <span class='ocrx_word' id='word_1_90' title='bbox 681 1961 734 2026; x_wconf 89' lang='lat' dir='ltr'>tali</span> <span class='ocrx_word' id='word_1_91' title='bbox 760 1960 854 2028; x_wconf 90' lang='lat' dir='ltr'>modo</span> <span class='ocrx_word' id='word_1_92' title='bbox 875 1962 1017 2030; x_wconf 65' lang='lat' dir='ltr'>mmnum</span> <span class='ocrx_word' id='word_1_93' title='bbox 1044 1981 1095 2030; x_wconf 82' lang='lat' dir='ltr'>re·</span> 
     </span>
     <span class='ocr_line' id='line_1_15' title="bbox 125 2071 1088 2176; baseline 0.004 -22"><span class='ocrx_word' id='word_1_94' title='bbox 125 2071 271 2168; x_wconf 78' lang='lat' dir='ltr'>ficimus,</span> <span class='ocrx_word' id='word_1_95' title='bbox 300 2087 386 2170; x_wconf 89' lang='lat' dir='ltr'>quod</span> <span class='ocrx_word' id='word_1_96' title='bbox 418 2088 552 2156; x_wconf 85' lang='lat' dir='ltr'>saevitiis</span> <span class='ocrx_word' id='word_1_97' title='bbox 583 2103 707 2156; x_wconf 83' lang='lat' dir='ltr'>causam</span> <span class='ocrx_word' id='word_1_98' title='bbox 734 2089 804 2154; x_wconf 81' lang='lat' dir='ltr'>dare</span> <span class='ocrx_word' id='word_1_99' title='bbox 830 2089 971 2164; x_wconf 84' lang='lat' dir='ltr'>debuisse</span> <span class='ocrx_word' id='word_1_100' title='bbox 994 2109 1088 2176; x_wconf 84' lang='lat' dir='ltr'>appa·</span> 
     </span>
     <span class='ocr_line' id='line_1_16' title="bbox 128 2215 283 2305; baseline -0.013 -21"><span class='ocrx_word' id='word_1_101' title='bbox 128 2229 177 2284; x_wconf 81' lang='lat' dir='ltr'>att</span> <span class='ocrx_word' id='word_1_102' title='bbox 199 2215 283 2305; x_wconf 62' lang='lat'>(2).</span> 
     </span>
    </p>
   </div>
   <div class='ocr_carea' id='block_1_3' title="bbox 551 2363 660 2446">
    <p class='ocr_par' dir='ltr' id='par_1_4' title="bbox 551 2363 691 2498">
     <span class='ocr_line' id='line_1_17' title="bbox 551 2363 660 2446; baseline 0 0"><span class='ocrx_word' id='word_1_103' title='bbox 551 2363 584 2446; x_wconf 78' lang='lat' dir='ltr'>i·</span> <span class='ocrx_word' id='word_1_104' title='bbox 628 2382 660 2446; x_wconf 85' lang='lat' dir='ltr'>a·</span> 
     </span>
    </p>
   </div>
   <div class='ocr_carea' id='block_1_4' title="bbox 271 2635 913 2728">
    <p class='ocr_par' dir='ltr' id='par_1_5' title="bbox 271 2635 913 2728">
     <span class='ocr_line' id='line_1_18' title="bbox 271 2635 913 2728; baseline -0.008 -25"><span class='ocrx_word' id='word_1_105' title='bbox 271 2635 322 2704; x_wconf 78' lang='lat' dir='ltr'>De</span> <span class='ocrx_word' id='word_1_106' title='bbox 341 2653 500 2728; x_wconf 77' lang='lat' dir='ltr'>potestate</span> <span class='ocrx_word' id='word_1_107' title='bbox 518 2637 705 2716; x_wconf 71' lang='lat' dir='ltr'>judiciaria</span> <span class='ocrx_word' id='word_1_108' title='bbox 736 2637 913 2704; x_wconf 81' lang='lat' dir='ltr'>Consulum.</span> 
     </span>
    </p>
   </div>
   <div class='ocr_carea' id='block_1_5' title="bbox 104 2929 1118 3636">
    <p class='ocr_par' dir='ltr' id='par_1_6' title="bbox 104 2929 1118 3636">
     <span class='ocr_line' id='line_1_19' title="bbox 131 2929 1074 3026; baseline 0 -22"><span class='ocrx_word' id='word_1_109' title='bbox 131 3017 136 3024; x_wconf 26' lang='lat'><strong>¹</strong></span> <span class='ocrx_word' id='word_1_110' title='bbox 166 2933 251 3006; x_wconf 86' lang='lat' dir='ltr'>Haec</span> <span class='ocrx_word' id='word_1_111' title='bbox 281 2941 318 3007; x_wconf 90' lang='lat' dir='ltr'>de</span> <span class='ocrx_word' id='word_1_112' title='bbox 348 2939 464 3024; x_wconf 85' lang='lat' dir='ltr'>privata</span> <span class='ocrx_word' id='word_1_113' title='bbox 489 2934 709 3026; x_wconf 14' lang='lat' dir='ltr'>Jurisdictioney</span> <span class='ocrx_word' id='word_1_114' title='bbox 737 2929 900 3000; x_wconf 80' lang='lat' dir='ltr'>sufficiant·</span> <span class='ocrx_word' id='word_1_115' title='bbox 949 2930 1074 3004; x_wconf 76' lang='lat' dir='ltr'>Publice</span> 
     </span>
     <span class='ocr_line' id='line_1_20' title="bbox 116 3059 1072 3154; baseline -0.004 -21"><span class='ocrx_word' id='word_1_116' title='bbox 116 3081 220 3133; x_wconf 84' lang='lat' dir='ltr'>autem</span> <span class='ocrx_word' id='word_1_117' title='bbox 249 3068 328 3154; x_wconf 87' lang='lat' dir='ltr'>juris</span> <span class='ocrx_word' id='word_1_118' title='bbox 355 3066 523 3149; x_wconf 86' lang='lat' dir='ltr'>exequendi</span> <span class='ocrx_word' id='word_1_119' title='bbox 553 3077 696 3148; x_wconf 83' lang='lat' dir='ltr'>potestas</span> <span class='ocrx_word' id='word_1_120' title='bbox 715 3062 753 3128; x_wconf 90' lang='lat' dir='ltr'>iis</span> <span class='ocrx_word' id='word_1_121' title='bbox 776 3059 995 3150; x_wconf 78' lang='lat' dir='ltr'>competebat,</span> <span class='ocrx_word' id='word_1_122' title='bbox 1017 3061 1072 3150; x_wconf 89' lang='lat' dir='ltr'>qui</span> 
     </span>
     <span class='ocr_line' id='line_1_21' title="bbox 120 3161 1118 3282; baseline -0.002 -22"><span class='ocrx_word' id='word_1_123' title='bbox 120 3161 191 3261; x_wconf 72' lang='lat' dir='ltr'>uice</span> <span class='ocrx_word' id='word_1_124' title='bbox 221 3211 326 3282; x_wconf 77' lang='lat' dir='ltr'>regum</span> <span class='ocrx_word' id='word_1_125' title='bbox 354 3212 475 3261; x_wconf 85' lang='lat' dir='ltr'>munera</span> <span class='ocrx_word' id='word_1_126' title='bbox 507 3192 538 3258; x_wconf 89' lang='lat' dir='ltr'>in</span> <span class='ocrx_word' id='word_1_127' title='bbox 568 3192 724 3274; x_wconf 85' lang='lat' dir='ltr'>republica</span> <span class='ocrx_word' id='word_1_128' title='bbox 756 3189 922 3274; x_wconf 84' lang='lat' dir='ltr'>subibant3</span> <span class='ocrx_word' id='word_1_129' title='bbox 953 3190 1074 3280; x_wconf 88' lang='lat' dir='ltr'>nullum</span> <span class='ocrx_word' id='word_1_130' title='bbox 1117 3197 1118 3200; x_wconf 75' lang='grc'>’</span> 
     </span>
     <span class='ocr_line' id='line_1_22' title="bbox 120 3287 1068 3402; baseline -0.005 -13"><span class='ocrx_word' id='word_1_131' title='bbox 120 3287 222 3389; x_wconf 72' lang='lat' dir='ltr'>autem</span> <span class='ocrx_word' id='word_1_132' title='bbox 241 3323 323 3389; x_wconf 90' lang='lat' dir='ltr'>aliud</span> <span class='ocrx_word' id='word_1_133' title='bbox 335 3322 493 3389; x_wconf 83' lang='lat' dir='ltr'>discrimen</span> <span class='ocrx_word' id='word_1_134' title='bbox 519 3321 596 3387; x_wconf 90' lang='lat' dir='ltr'>inter</span> <span class='ocrx_word' id='word_1_135' title='bbox 612 3315 765 3387; x_wconf 85' lang='lat' dir='ltr'>Consules</span> <span class='ocrx_word' id='word_1_136' title='bbox 776 3334 806 3384; x_wconf 91' lang='lat' dir='ltr'>et</span> <span class='ocrx_word' id='word_1_137' title='bbox 814 3317 915 3402; x_wconf 85' lang='lat' dir='ltr'>Reges</span> <span class='ocrx_word' id='word_1_138' title='bbox 931 3319 1068 3397; x_wconf 86' lang='lat' dir='ltr'>exstitit,</span> 
     </span>
     <span class='ocr_line' id='line_1_23' title="bbox 104 3439 1067 3546; baseline -0.006 -32"><span class='ocrx_word' id='word_1_139' title='bbox 104 3442 212 3532; x_wconf 69' lang='lat' dir='ltr'>&#39;quam</span> <span class='ocrx_word' id='word_1_140' title='bbox 232 3450 518 3532; x_wconf 59' lang='lat' dir='ltr'>quodrcmsulum</span> <span class='ocrx_word' id='word_1_141' title='bbox 551 3467 694 3512; x_wconf 80' lang='lat' dir='ltr'>aunuum</span> <span class='ocrx_word' id='word_1_142' title='bbox 724 3448 893 3546; x_wconf 66' lang='lat' dir='ltr'>imparium</span> <span class='ocrx_word' id='word_1_143' title='bbox 912 3489 924 3524; x_wconf 91' lang='lat'><strong>,</strong></span> <span class='ocrx_word' id='word_1_144' title='bbox 946 3439 1067 3526; x_wconf 78' lang='lat' dir='ltr'>Regum</span> 
     </span>
     <span class='ocr_line' id='line_1_24' title="bbox 566 3586 1070 3636; baseline -0.004 2"><span class='ocrx_word' id='word_1_145' title='bbox 566 3589 568 3592; x_wconf 85' lang='lat'>·</span> <span class='ocrx_word' id='word_1_146' title='bbox 1017 3586 1070 3636; x_wconf 86' lang='lat' dir='ltr'>ve·</span> 
     </span>
    </p>
   </div>
   <div class='ocr_carea' id='block_1_6' title="bbox 146 3733 702 3928">
    <p class='ocr_par' dir='ltr' id='par_1_7' title="bbox 146 3733 702 3928">
     <span class='ocr_line' id='line_1_25' title="bbox 146 3733 527 3840; baseline -0.01 -8"><span class='ocrx_word' id='word_1_147' title='bbox 146 3775 211 3840; x_wconf 65' lang='lat'>(⁹)</span> <span class='ocrx_word' id='word_1_148' title='bbox 231 3733 294 3832; x_wconf 55' lang='lat' dir='ltr'>dull.</span> <span class='ocrx_word' id='word_1_149' title='bbox 316 3774 340 3838; x_wconf 81' lang='lat'>1,</span> <span class='ocrx_word' id='word_1_150' title='bbox 366 3777 387 3830; x_wconf 87' lang='lat' dir='ltr'>l.</span> <span class='ocrx_word' id='word_1_151' title='bbox 412 3792 435 3828; x_wconf 82' lang='lat' dir='ltr'>t.</span> <span class='ocrx_word' id='word_1_152' title='bbox 525 3821 527 3828; x_wconf 89' lang='grc'><em>,</em></span> 
     </span>
     <span class='ocr_line' id='line_1_26' title="bbox 632 3855 702 3928; baseline 0.029 -2"><span class='ocrx_word' id='word_1_153' title='bbox 632 3855 702 3928; x_wconf 80' lang='lat' dir='ltr'>Ee</span> 
     </span>
    </p>
   </div>
   <div class='ocr_carea' id='block_1_7' title="bbox 0 0 1284 4546">
    <p class='ocr_par' dir='ltr' id='par_1_8' title="bbox 0 0 1284 4546">
     <span class='ocr_line' id='line_1_27' title="bbox 0 0 1284 4546; baseline 0 9"><span class='ocrx_word' id='word_1_154' title='bbox 0 0 1284 4546; x_wconf 95' lang='lat' dir='ltr'> </span> 
     </span>
    </p>
   </div>
  </div>
 </body>
</html>
