2452 4552
178 182 247 286 9su
325 187 613 264 susumus
649 141 973 282 Jummcsum

178 395 327 480 quaedum
353 393 524 477 obtineret,
549 415 588 464 ne
613 398 685 480 quis
708 395 835 482 obtuitu
853 400 1077 470 moderaminis
1096 403 1143 490 ia·

179 526 322 610 culpsue
349 528 462 594 tutelae
484 530 615 596 saeviret
639 529 673 594 in
705 529 804 612 tiios,
842 531 911 598 aliis
943 532 1141 598 exstantibus

177 659 312 737 mediis,
333 655 450 740 quibus
469 657 509 722 ud
530 675 564 724 se
589 655 812 726 defendendum
839 658 886 724 uti
904 658 1025 726 liceret.
1055 657 1140 728 Dif·

179 786 262 854 ficile
286 783 365 854 enim
396 783 552 870 probatu,
570 784 701 876 aliquem
733 788 773 854 td
797 800 919 853 tantum
944 785 1048 854 fuisse
1070 807 1139 870 pur·

177 916 307 982 ductum
334 910 527 998 periculum,
566 913 710 978 utnulla
735 927 854 996 praeter
880 917 1004 986 caedem
1031 919 1060 984 ei
1084 938 1135 986 su·

176 1055 315 1129 petesset
337 1043 447 1109 salutis
471 1043 533 1110 viu.
575 1041 804 1126 Mitigutionem
828 1046 934 1126 itaque
960 1048 1054 1114 talem
1075 1048 1136 1114 dis·

176 1172 328 1260 positioni
351 1169 420 1238 ΧΙΙ.
443 1169 549 1238 Ttbb.
571 1171 683 1257 adjecit
709 1189 812 1257 sajus
849 1184 884 1237 ut
908 1171 958 1252 is,
989 1177 1046 1258 qui
1076 1178 1136 1244 tit·

172 1319 260 1370 mure
283 1318 348 1368 non
365 1297 546 1368 testificatus
570 1297 681 1366 fuisset
705 1300 767 1366 sibi
790 1301 960 1384 periculum
991 1304 1135 1370 immime-
1184 1339 1186 1344 -

156 1453 209 1520 ¹te
226 1479 239 1514 ‚
269 1450 375 1498 verum
405 1433 577 1498 necavisset
611 1429 712 1496 furem
742 1429 860 1514 absque
883 1435 1037 1512 clamore,
1067 1435 1137 1514 iege

174 1561 301 1644 Aquilia
331 1571 505 1641 teneretm3
542 1575 607 1624 uon
631 1573 732 1626 autem
757 1561 823 1644 lege
850 1561 996 1628 Cornelia
1021 1563 1061 1628 de
1085 1563 1134 1628 Si·

173 1695 276 1761 curiis.
310 1693 433 1760 Etenim
449 1693 499 1760 iex
521 1689 647 1776 Aquilia
673 1713 765 1760 omne
780 1677 1043 1773 damnum,.lictt
1075 1714 1130 1777 per

173 1822 301 1913 suitam
318 1822 508 1894 levissimam
527 1841 687 1906 exortum,
709 1826 847 1892 resarciti
857 1825 999 1930 iubebat.
1045 1827 1132 1894 Cou-

172 1950 295 2018 firmant
319 1952 371 2018 ilia
397 1970 460 2017 non
483 1965 602 2043 tuntum
628 1949 759 2016 rubrica'
773 1947 991 2031 Tutuiissed·
1005 1955 1132 2039 adjuvat

162 2079 251 2160 'legis
267 2075 446 2159 Inscriptio.
474 2078 534 2144 Est
550 2079 629 2142 mim
647 2074 853 2158 fragmentum
874 2097 947 2162 0th
963 2081 1002 2146 ad
1019 2082 1077 2148 lib.
1097 2101 1131 2166 7.

173 2203 212 2282 td
229 2202 382 2269 Edt'ctum
401 2202 627 2281 Prouinciam,
648 2203 680 2268 in
706 2221 769 2284 quo
790 2221 861 2272 tutu
883 2206 988 2289 egisse·
1009 2211 1132 2296 deiuge

169 2331 297 2415 Aquilia
333 2343 458 2414 apparet
493 2327 692 2414 exlegibus
724 2351 755 2397 α.
791 2333 823 2400 8.
857 2353 909 2416 32.
948 2335 997 2402 ad
1028 2337 1134 2425 legem.

171 2462 340 2552 Aquiliam
364 2463 447 2544 (*).

213 2585 328 2674 Quoad
345 2589 468 2653 aiteram
484 2588 719 2670 quaestionem,
747 2589 1026 2676 nonnuliiagittnt
1045 2600 1133 2670 litem

171 2719 355 2806 quibusnam
397 2721 486 2788 detur
516 2717 648 2788 facultas
681 2719 782 2788 iurem
815 2739 1001 2792 nocturnum
1037 2727 1139 2818 iuter-¹¹

170 2851 320 2931 ficiendi,
343 2869 416 2918 num
435 2851 495 2916 soli
517 2851 545 2916 ei
562 2851 770 2931 concedatur,
789 2853 880 2936 cujus
898 2871 947 2921 res
972 2855 1132 2938 appetitur

170 2999 206 3048 se
232 2980 406 3058 invaditur,
435 2997 509 3047 num
540 2994 571 3046 et
603 2981 693 3060 aliis,
724 2999 859 3064 quorum
878 2983 968 3053 ‘nulla
992 3001 1040 3076 tes
1065 2987 1137 3068 agi.

171 3117 244 3183 tur,
265 3106 321 3170 sed
338 3107 392 3185 qui
408 3126 444 3173 ex
469 3125 530 3188 eo,
554 3111 639 3190 quod
655 3111 788 3178 ulterius¹
802 3131 851 3180 res
867 3115 1038 3198 periculum
1054 3118 1131 3202 subs

169 3246 239 3314 est,
259 3231 423 3316 periclitari
450 3233 554 3302 etium·
571 3236 732 3316 possunt?
753 3237 832 3305 Fieri
858 3259 909 3306 ex.
939 3257 977 3332 g.v
1000 3247 1127 3324 potum,

171 3360 300 3447 aiicujus
340 3378 454 3443 corpus
506 3362 623 3446 pulsari
667 3383 703 3432 uc
741 3383 929 3450 quocunque
968 3371 1030 3440 sliu
1062 3389 1134 3444 uuus

171 3494 213 3564 du
236 3493 314 3563 laedi
345 3510 462 3578 posse,
501 3494 529 3561 si
557 3490 640 3562 fures
668 3494 708 3562 ud
737 3495 867 3564 alienum
894 3513 957 3568 utut
982 3499 1129 3583 diripien-

1036 3626 1128 3712 dtu,

205 3784 271 3856 ζ’)
292 3787 393 3844 usum
409 3787 472 3842 obs.
490 3803 515 3845 ι.
533 3803 573 3858 ts.
699 3821 700 3826 κ
791 3787 803 3828 s
