2452 4552
122 285 126 318 e
155 244 200 327 64
309 237 599 314 'SPECIMEN
635 233 943 328 Jultlulcultt

198 439 268 509 Nee
277 441 380 509 minus
394 441 540 510 delictum
549 444 615 528 ejus
631 455 700 523 est,
717 440 771 525 qui
791 442 894 510 animo
911 439 987 506 adeo'
995 436 1105 508 hostili

155 585 227 654 erge
246 571 379 653 aliquem
405 581 453 635 est
468 560 646 652 mimimo,
666 581 702 632 ut
734 569 820 636 illum
850 569 936 634 hosti
961 568 1102 653 eradat,-

114 717 117 722 “
153 692 248 781 hujus
271 693 374 761 delicti
399 692 516 760 mentio
537 691 619 760 facta
645 708 695 760 est
721 694 838 761 ultimis
867 695 951 778 legis
975 693 1102 776 verbis3
1154 745 1159 754 .

151 842 214 892 mec
246 824 317 908 quis
344 837 435 888 tecte.
452 824 632 908 cogitaverit
664 839 782 892 tantum
799 881 801 888 ,
817 824 856 891 de
885 844 949 891 uno
977 823 1103 894 homine

152 951 226 1036 κείς
246 953 420 1019 extenditur
434 955 526 1020 etiam
544 956 583 1021 ed
598 956 764 1023 exercitum
781 955 923 1023 hostibus
935 956 1106 1034 traditum.

150 1079 194 1146 ed
214 1077 319 1145 urbem
340 1077 482 1148 hostibus
505 1084 650 1151 deditam.
692 1083 788 1172 Quod
820 1086 903 1151 enim
936 1105 1043 1154 verum
1075 1085 1109 1151 in

152 1208 241 1283 eliis,
265 1206 293 1273 si
314 1205 459 1290 exiguum
481 1210 626 1292 puniatur
650 1212 816 1292 delictum,
845 1227 878 1278 et
900 1215 998 1300 majus
1023 1225 1106 1278 recte

149 1336 318 1418 vmdieari,
337 1334 388 1404 hic
405 1338 496 1404 etiem
514 1337 670 1404 observari
687 1337 790 1405 debet.
823 1338 991 1408 Scilicetne
1006 1343 1035 1407 is
1054 1337 1109 1424 qui

152 1484 249 1535 unum
258 1468 356 1534 civem
373 1466 481 1534 hostili
494 1467 555 1534 irae
572 1466 761 1547 committit,
780 1467 882 1533 minus
892 1468 1106 1551 delinqueret,

154 1615 245 1681 quum
261 1596 311 1676 is,
334 1594 388 1677 qui
404 1607 506 1660 totum
527 1595 691 1662 exercitum
716 1597 766 1662 vel
775 1595 882 1663 urbem
902 1597 1041 1664 hostium
1052 1615 1112 1680 po·

154 1728 259 1796 testati
273 1722 388 1792 traditi
421 1723 490 1790 Nec
505 1743 629 1792 necesse
647 1728 724 1794 adeo
747 1724 880 1808 aliquem
900 1723 978 1793 illud
998 1723 1113 1808 'ipsum

154 1847 265 1925 fetere.
287 1854 387 1920 Etiam
395 1850 559 1917 exercitum
569 1852 864 1935 desererrdo,castre
873 1853 1109 1936 fugiend0,oc·

153 1987 239 2057 casio
249 1983 430 2070 praebetur,
447 1995 483 2045 ut
500 1979 606 2047 hostes
628 1982 717 2064 cive,
739 1984 873 2049 exercitu
890 1982 940 2048 vel
957 1978 1034 2048 urbe
1054 1997 1113 2060 po·
1201 1959 1202 1962 ¹

155 2117 292 2194 tianeus,
308 2114 435 2193 itaque,
451 2109 523 2176 talia
532 2109 673 2192 egendo,
687 2110 766 2191 quis
774 2109 897 2192 perinde
910 2109 1011 2191 legum
1020 2106 1116 2172 ratio·

119 2240 121 2247 ’
159 2246 193 2314 ni
213 2239 399 2312 contrarium
419 2237 495 2320 quid
510 2238 603 2319 egit,
624 2238 763 2318 quamsi
783 2237 861 2320 ipsis
888 2234 1025 2301 hostium
1052 2252 1133 2303 me·

159 2373 251 2442 uibus
276 2369 394 2448 civem,
427 2365 534 2448 copias
560 2363 751 2448 oppidumve
785 2365 900 2446 tradet.
950 2364 997 2431 Ite
1030 2385 1122 2430 mnte-

160 2517 286 2568 cntuus
303 2498 394 2565 etiem
416 2497 508 2580 (*),
524 2494 720 2584 perduellem
741 2509 833 2563 vocet
857 2495 973 2575 illum,
995 2498 1053 2582 qui
1080 2497 1118 2560 in

159 2627 252 2696 bellis
280 2627 430 2706 cesserit,
444 2623 517 2690 ‘etet
544 2647 650 2691 arcem
683 2629 824 2692 tenuerit
854 2627 1040 2712 (legendum
1065 2643 1117 2688 re-

154 2756 346 2848 linquam)
361 2767 422 2824 aut
438 2767 551 2818 castra
567 2760 774 2835 concesserit,
796 2759 913 2842 quique
921 2755 1115 2840 imperinm,

163 2890 339 2957 exercitum
355 2882 470 2973 populi
490 2881 632 2968 Romani
652 2882 853 2965 deseruerit;
878 2901 897 2946 a
921 2879 1035 2962 quibus
1052 2895 1117 2943 non

163 3018 302 3094 distent,
320 3033 396 3096 quae
412 3011 503 3078 hebet
519 2983 833 3090 ueuoronerttnuus,
850 3007 1030 3089 majestatis
1049 3008 1116 3070 ere·-

162 3145 247 3210 em'ne
271 3141 420 3204 accusari
434 3151 524 3222 posse
545 3157 638 3214 eum,
658 3135 750 3217 cujm
771 3150 848 3221 ope,
877 3135 1027 3217 consilis,
1043 3134 1119 3203 'dolo

167 3269 275 3350 malo,
289 3265 462 3355 provincia
483 3262 537 3330 nel
552 3264 669 3332 civitas
696 3263 835 3332 hostibus
854 3261 1017 3340 dataest.

199 3437 260 3507 ς’)
282 3436 314 3488 ln
335 3435 391 3502 lege
414 3431 501 3486 citttt.
