2558 4546
200 85 252 186 '1⁶
373 111 997 204 spreturu‘Junrmcum

210 335 251 386 ne
265 314 390 398 damni,
406 316 477 397 vel,
495 315 525 382 si
540 314 684 382 damnum
701 316 882 383 nullomodo
898 317 1021 384 restitui
1034 332 1169 401 posset,

210 445 336 515 talionis
358 446 473 530 poeni.
522 443 627 511 Primo
648 443 729 510 enim
749 444 845 511 illud:
876 445 1029 512 damnum
1050 445 1165 524 datum

212 573 451 643 resarciendum
488 592 550 638 esse
583 573 672 654 (a)
721 573 865 658 aequitati
906 593 941 639 ac
974 575 1167 657 simplicitati
1214 637 1216 640 .

213 704 325 798 populi
339 703 476 770 nondum
493 700 590 768 adulti
618 702 696 769 mito
711 703 806 770 modo
827 703 1051 785 conveniebam
1074 724 1167 784 uam,

207 799 276 900 iilis
297 844 379 898 certe
400 830 615 914 temporibus,
643 829 699 895 ubi
724 831 764 897 ed
786 831 977 898 securitatem
1003 849 1169 914 assequen-

212 961 282 1028 dnm
298 960 496 1028 convenirent
512 959 596 1036 cives
612 977 670 1026 nec
679 958 922 1026 xdominationem
935 979 994 1026 nce
1003 961 1165 1044 imperium

211 1085 641 1173 concuperent,satisfactum
656 1089 750 1155 videri
759 1089 864 1155 debuit
875 1108 946 1154 cum
956 1135 969 1170 ,
978 1090 1112 1157 laesione
1120 1109 1165 1156 re·

213 1217 493 1302 pantomimum
513 1218 621 1284 sentiri
640 1236 704 1285 non
721 1218 1057 1302 empliusposset‚nec
1070 1237 1169 1284 exem-

215 1347 269 1432 pla
291 1347 424 1428 desunt,
447 1347 530 1431 opud
560 1348 665 1431 plmes
691 1361 808 1412 veteres
833 1347 994 1430 populos,
1019 1348 1098 1414 tales
1136 1349 1168 1414 in

217 1495 278 1544 usu
298 1473 397 1543 fuisse
406 1493 535 1559 poenas.
577 1474 629 1541 Sic
650 1475 688 1541 dt
710 1474 874 1540 Germanis
898 1493 1051 1540 uncinus
1076 1474 1167 1542 refert

219 1602 436 1675 intentioribus
462 1603 586 1670 delictis
597 1619 661 1691 pro
677 1601 765 1669 modo
788 1619 918 1689 poenam
942 1607 1171 1687 coustitutum,

218 1732 373 1803 conuictos
398 1755 548 1822 equorum
580 1749 790 1820 pecorumque
829 1753 958 1799 numero
988 1735 1168 1816 mulctari,

213 1877 406 1952 partemque
429 1858 660 1948 mulctue‘regl
690 1860 744 1931 uel
759 1863 889 1929 ciuitati
896 1886 910 1946 ‚·
927 1837 1060 1950 purtem
1084 1867 1172 1952 ipsi,

219 1994 277 2077 que⁸
309 1989 499 2060 uindicatur
539 1989 593 2059 uel
612 1989 692 2073 ejus
711 1993 902 2078 propinquis
931 1991 1051 2060 exsolui
1082 1994 1168 2078 (b).

222 2119 379 2202 Deinceps
402 2117 556 2183 vindictae
582 2118 724 2199 licentia,
758 2121 853 2185 nullis
887 2121 1032 2188 adstricta
1064 2124 1174 2190 vincu-

224 2247 286 2328 lis,
302 2247 395 2331 longe
411 2246 531 2328 lateque
548 2263 615 2312 sese
632 2248 820 2329 extendens,
841 2249 982 2315 timorem
1002 2270 1037 2316 ac
1055 2267 1173 2318 metum

224 2376 256 2442 in
274 2374 450 2459 primordiis
474 2373 607 2441 civitatis
632 2375 769 2441 incutere
792 2361 933 2459 poterat3
951 2378 1021 2444 ideo
1040 2393 1176 2448 rectores

223 2503 379 2585 civitatis,
405 2516 565 2570 censentes
587 2521 652 2568 non
684 2505 764 2569 uitta
787 2522 881 2586 posse
904 2505 1070 2574 vindictam
1099 2529 1176 2593 pro-

220 2631 330 2719 gredi,
356 2651 448 2716 quam
471 2645 507 2698 ut
530 2632 580 2714 is,
606 2632 661 2715 qui
678 2632 824 2700 delictum
838 2633 1050 2716 commiserit,
1079 2639 1176 2704 senti-

1128 2784 1176 2836 ret

260 3021 327 3086 (a)
363 3021 405 3072 De
442 3019 490 3070 huc
518 3033 545 3069 re
576 3030 603 3070 et
629 3018 682 3084 egit
710 3020 885 3076 Amicissimus
914 3039 952 3077 ns
978 3039 1112 3078 onrrrmn
1143 3028 1171 3082 in

233 3103 412 3160 ussemuone
436 3104 469 3152 de
491 3103 579 3155 initiis
603 3114 630 3156 et
655 3109 822 3160 incrementis
848 3113 928 3172 luris
960 3115 1118 3167 Crimiuale's
1143 3120 1172 3169 iu

231 3194 337 3258 Belgio.
373 3213 375 3218 ¹

232 3303 233 3306 =
261 3275 325 3342 (b)
348 3272 472 3324 Ticinus
493 3271 525 3323 de
548 3273 645 3326 Morib.
671 3265 765 3332 Germ.
792 3295 815 3332 c.
842 3294 883 3332 12.
915 3283 1007 3346 neque
1023 3284 1089 3347 apud
1115 3289 1172 3339 Ro·

230 3373 318 3414 minos
341 3371 370 3409 uc
394 3356 460 3422 opud
485 3360 623 3412 Gennonos
645 3361 739 3414 mulcti
762 3366 886 3427 pecudum
903 3382 1007 3422 numero
1021 3373 1172 3438 constabat,

228 3443 315 3510 priumie
329 3444 417 3496 saltem
440 3442 609 3506 temporibus:
634 3448 783 3512 Pecuniae,
808 3460 838 3500 ut
860 3451 939 3516 vulgo
964 3453 1072 3516 dicitur,
1096 3469 1172 3517 pmc-

230 3527 307 3584 etatio
335 3527 413 3579 setius
446 3525 587 3579 introducit
616 3542 673 3594 est,
706 3531 743 3584 uti
775 3546 884 3586 orturus
908 3538 936 3588 in
957 3537 1039 3589 Libro
1061 3538 1112 3590 XI.
1136 3553 1173 3598 ex

230 3615 345 3665 Varrone
366 3611 451 3665 tendit.
485 3614 613 3663 stennius
628 3615 660 3666 de
677 3616 792 3678 Judt'ct’t't
809 3617 929 3671 Publicis
955 3622 986 3676 T.
1003 3621 1042 3676 11.
1075 3623 1175 3677 Wutu·

228 3709 283 3753 tn
303 3697 335 3750 de
357 3710 404 3762 et,
421 3695 490 3761 quod
506 3695 613 3762 suetum
638 3709 681 3754 est
703 3702 774 3755 circe
797 3704 925 3761 mulctat.
1170 3697 1173 3701 ’
